timestamp,Test prediction,dfc
2025-01-26 08:40:00.200,2376.1753,2375.38
2025-01-26 08:40:00.300,2376.175,2375.38
2025-01-26 08:40:00.400,2376.1748,2375.38
2025-01-26 08:40:00.500,2376.1748,2375.6
2025-01-26 08:40:00.600,2376.3083,2375.6
2025-01-26 08:40:00.700,2376.3591,2375.75
2025-01-26 08:40:00.800,2376.4695,2375.75
2025-01-26 08:40:00.900,2376.5112,2375.75
2025-01-26 08:40:01.000,2376.527,2375.7
2025-01-26 08:40:01.100,2376.503,2375.55
2025-01-26 08:40:01.200,2376.4026,2375.55
2025-01-26 08:40:01.300,2376.3647,2375.55
2025-01-26 08:40:01.400,2376.3503,2375.4
2025-01-26 08:40:01.500,2376.2534,2375.4
2025-01-26 08:40:01.600,2376.2168,2375.4
2025-01-26 08:40:01.700,2376.203,2375.4
2025-01-26 08:40:01.800,2376.1975,2375.4
2025-01-26 08:40:01.900,2376.1956,2375.4
2025-01-26 08:40:02.000,2376.1948,2375.4
2025-01-26 08:40:02.100,2376.1946,2375.5
2025-01-26 08:40:02.200,2376.2551,2375.5
2025-01-26 08:40:02.300,2376.2783,2375.5
2025-01-26 08:40:02.400,2376.2869,2375.5
2025-01-26 08:40:02.500,2376.2903,2375.5
2025-01-26 08:40:02.600,2376.2917,2375.6
2025-01-26 08:40:02.700,2376.3528,2375.6
2025-01-26 08:40:02.800,2376.3762,2375.6
2025-01-26 08:40:02.900,2376.385,2375.6
2025-01-26 08:40:03.000,2376.3884,2375.625
2025-01-26 08:40:03.100,2376.4045,2375.625
2025-01-26 08:40:03.200,2376.411,2375.5
2025-01-26 08:40:03.300,2376.3374,2375.5
2025-01-26 08:40:03.400,2376.3093,2375.5
2025-01-26 08:40:03.500,2376.2988,2375.5
2025-01-26 08:40:03.600,2376.2947,2375.5
2025-01-26 08:40:03.700,2376.2932,2375.5
2025-01-26 08:40:03.800,2376.2927,2375.5
2025-01-26 08:40:03.900,2376.2925,2375.5
2025-01-26 08:40:04.000,2376.2922,2375.4
2025-01-26 08:40:04.100,2376.2317,2375.0272727272727
2025-01-26 08:40:04.200,2375.9822,2374.988888888889
2025-01-26 08:40:04.300,2375.864,2374.988888888889
2025-01-26 08:40:04.400,2375.819,2374.988888888889
2025-01-26 08:40:04.500,2375.8022,2374.8
2025-01-26 08:40:04.600,2375.6812,2374.8
2025-01-26 08:40:04.700,2375.635,2374.8
2025-01-26 08:40:04.800,2375.6174,2374.8
2025-01-26 08:40:04.900,2375.611,2375.0
2025-01-26 08:40:05.000,2375.7297,2375.1
2025-01-26 08:40:05.100,2375.8357,2374.9
2025-01-26 08:40:05.200,2375.7544,2374.9
2025-01-26 08:40:05.300,2375.7236,2374.9
2025-01-26 08:40:05.400,2375.7117,2374.8
2025-01-26 08:40:05.500,2375.6467,2374.7
2025-01-26 08:40:05.600,2375.561,2374.8
2025-01-26 08:40:05.700,2375.5894,2374.8
2025-01-26 08:40:05.800,2375.6003,2374.8
2025-01-26 08:40:05.900,2375.6042,2374.8
2025-01-26 08:40:06.000,2375.6057,2374.7
2025-01-26 08:40:06.100,2375.5457,2374.7
2025-01-26 08:40:06.200,2375.5227,2374.7
2025-01-26 08:40:06.300,2375.514,2374.5666666666666
2025-01-26 08:40:06.400,2375.4297,2374.5666666666666
2025-01-26 08:40:06.500,2375.3977,2374.4
2025-01-26 08:40:06.600,2375.2842,2374.4
2025-01-26 08:40:06.700,2375.241,2374.4
2025-01-26 08:40:06.800,2375.2246,2374.4
2025-01-26 08:40:06.900,2375.2185,2374.5
2025-01-26 08:40:07.000,2375.2766,2374.45
2025-01-26 08:40:07.100,2375.2688,2374.45
2025-01-26 08:40:07.200,2375.2659,2374.45
2025-01-26 08:40:07.300,2375.2644,2374.6
2025-01-26 08:40:07.400,2375.355,2374.7
2025-01-26 08:40:07.500,2375.4502,2374.7
2025-01-26 08:40:07.600,2375.4866,2374.7
2025-01-26 08:40:07.700,2375.5002,2374.7
2025-01-26 08:40:07.800,2375.5056,2374.7
2025-01-26 08:40:07.900,2375.5076,2374.7
2025-01-26 08:40:08.000,2375.508,2374.7
2025-01-26 08:40:08.100,2375.5085,2374.4
2025-01-26 08:40:08.200,2375.3264,2374.5
2025-01-26 08:40:08.300,2375.3176,2374.5
2025-01-26 08:40:08.400,2375.3147,2374.5
2025-01-26 08:40:08.500,2375.3135,2374.55
2025-01-26 08:40:08.600,2375.3435,2374.55
2025-01-26 08:40:08.700,2375.3547,2374.55
2025-01-26 08:40:08.800,2375.3591,2374.55
2025-01-26 08:40:08.900,2375.3608,2374.55
2025-01-26 08:40:09.000,2375.3613,2374.55
2025-01-26 08:40:09.100,2375.3616,2374.55
2025-01-26 08:40:09.200,2375.3616,2374.55
2025-01-26 08:40:09.300,2375.3616,2374.55
2025-01-26 08:40:09.400,2375.3616,2374.55
2025-01-26 08:40:09.500,2375.3616,2374.55
2025-01-26 08:40:09.600,2375.3618,2374.5
2025-01-26 08:40:09.700,2375.3313,2374.5
2025-01-26 08:40:09.800,2375.3196,2374.5
2025-01-26 08:40:09.900,2375.3152,2374.5
2025-01-26 08:40:10.000,2375.3137,2374.5
2025-01-26 08:40:10.100,2375.313,2374.7000000000003
2025-01-26 08:40:10.200,2375.4343,2375.0
2025-01-26 08:40:10.300,2375.6628,2375.0
2025-01-26 08:40:10.400,2375.7495,2375.1
2025-01-26 08:40:10.500,2375.843,2375.1
2025-01-26 08:40:10.600,2375.8787,2374.9333333333334
2025-01-26 08:40:10.700,2375.7913,2374.8
2025-01-26 08:40:10.800,2375.6768,2374.8
2025-01-26 08:40:10.900,2375.6335,2374.8
2025-01-26 08:40:11.000,2375.617,2374.8
2025-01-26 08:40:11.100,2375.6106,2374.9
2025-01-26 08:40:11.200,2375.669,2374.7
2025-01-26 08:40:11.300,2375.5696,2374.9
2025-01-26 08:40:11.400,2375.653,2374.9
2025-01-26 08:40:11.500,2375.685,2374.8
2025-01-26 08:40:11.600,2375.6365,2374.8
2025-01-26 08:40:11.700,2375.618,2374.55
2025-01-26 08:40:11.800,2375.4592,2374.6
2025-01-26 08:40:11.900,2375.4292,2374.6
2025-01-26 08:40:12.000,2375.4177,2374.6
2025-01-26 08:40:12.100,2375.4136,2374.5
2025-01-26 08:40:12.200,2375.3508,2374.5
2025-01-26 08:40:12.300,2375.3274,2374.4
2025-01-26 08:40:12.400,2375.2576,2374.5
2025-01-26 08:40:12.500,2375.2917,2374.5
2025-01-26 08:40:12.600,2375.3047,2374.5
2025-01-26 08:40:12.700,2375.3096,2374.5
2025-01-26 08:40:12.800,2375.3115,2374.5
2025-01-26 08:40:12.900,2375.3123,2374.5
2025-01-26 08:40:13.000,2375.3123,2374.6
2025-01-26 08:40:13.100,2375.3733,2374.6
2025-01-26 08:40:13.200,2375.3967,2374.6
2025-01-26 08:40:13.300,2375.4055,2374.6
2025-01-26 08:40:13.400,2375.4087,2374.8
2025-01-26 08:40:13.500,2375.5315,2374.8500000000004
2025-01-26 08:40:13.600,2375.6086,2374.8500000000004
2025-01-26 08:40:13.700,2375.638,2374.8500000000004
2025-01-26 08:40:13.800,2375.6492,2375.0
2025-01-26 08:40:13.900,2375.7444,2375.0
2025-01-26 08:40:14.000,2375.7805,2375.0
2025-01-26 08:40:14.100,2375.7942,2375.175
2025-01-26 08:40:14.200,2375.9058,2375.3
2025-01-26 08:40:14.300,2376.024,2375.3
2025-01-26 08:40:14.400,2376.069,2375.5
2025-01-26 08:40:14.500,2376.2073,2375.5
2025-01-26 08:40:14.600,2376.26,2375.4166666666665
2025-01-26 08:40:14.700,2376.2295,2375.4166666666665
2025-01-26 08:40:14.800,2376.218,2375.4166666666665
2025-01-26 08:40:14.900,2376.2136,2375.4166666666665
2025-01-26 08:40:15.000,2376.212,2375.4166666666665
2025-01-26 08:40:15.100,2376.2112,2375.4166666666665
2025-01-26 08:40:15.200,2376.2112,2375.4166666666665
2025-01-26 08:40:15.300,2376.2107,2375.4166666666665
2025-01-26 08:40:15.400,2376.2107,2375.4166666666665
2025-01-26 08:40:15.500,2376.2107,2375.4166666666665
2025-01-26 08:40:15.600,2376.2107,2375.4166666666665
2025-01-26 08:40:15.700,2376.2107,2375.4166666666665
2025-01-26 08:40:15.800,2376.2107,2375.4166666666665
2025-01-26 08:40:15.900,2376.2107,2375.5
2025-01-26 08:40:16.000,2376.2615,2375.5
2025-01-26 08:40:16.100,2376.2805,2375.6
2025-01-26 08:40:16.200,2376.3486,2375.5
2025-01-26 08:40:16.300,2376.3137,2375.5
2025-01-26 08:40:16.400,2376.3005,2375.5
2025-01-26 08:40:16.500,2376.2952,2375.5
2025-01-26 08:40:16.600,2376.2932,2375.5
2025-01-26 08:40:16.700,2376.2927,2375.5
2025-01-26 08:40:16.800,2376.2925,2375.5
2025-01-26 08:40:16.900,2376.2922,2375.5
2025-01-26 08:40:17.000,2376.2922,2375.5
2025-01-26 08:40:17.100,2376.2922,2375.5
2025-01-26 08:40:17.200,2376.2922,2375.5
2025-01-26 08:40:17.300,2376.2922,2375.5
2025-01-26 08:40:17.400,2376.2922,2375.5
2025-01-26 08:40:17.500,2376.2922,2375.5
2025-01-26 08:40:17.600,2376.2922,2375.6
2025-01-26 08:40:17.700,2376.3533,2375.5
2025-01-26 08:40:17.800,2376.3152,2375.5
2025-01-26 08:40:17.900,2376.301,2375.5
2025-01-26 08:40:18.000,2376.2957,2375.766666666667
2025-01-26 08:40:18.100,2376.4553,2375.766666666667
2025-01-26 08:40:18.200,2376.5164,2375.766666666667
2025-01-26 08:40:18.300,2376.5393,2375.3
2025-01-26 08:40:18.400,2376.265,2375.3
2025-01-26 08:40:18.500,2376.1604,2375.3
2025-01-26 08:40:18.600,2376.1208,2375.3
2025-01-26 08:40:18.700,2376.1057,2375.2
2025-01-26 08:40:18.800,2376.0393,2375.2
2025-01-26 08:40:18.900,2376.014,2375.2
2025-01-26 08:40:19.000,2376.0044,2375.2
2025-01-26 08:40:19.100,2376.0007,2375.2
2025-01-26 08:40:19.200,2375.9993,2375.2
2025-01-26 08:40:19.300,2375.9988,2375.2
2025-01-26 08:40:19.400,2375.9988,2375.2
2025-01-26 08:40:19.500,2375.9983,2375.2
2025-01-26 08:40:19.600,2375.9983,2375.2
2025-01-26 08:40:19.700,2375.9983,2375.2
2025-01-26 08:40:19.800,2375.9983,2375.2
2025-01-26 08:40:19.900,2375.9983,2375.2
2025-01-26 08:40:20.000,2375.9983,2375.2
2025-01-26 08:40:20.100,2375.9983,2375.2
2025-01-26 08:40:20.200,2375.9983,2375.5
2025-01-26 08:40:20.300,2376.1804,2375.5
2025-01-26 08:40:20.400,2376.2498,2375.5
2025-01-26 08:40:20.500,2376.2761,2375.5
2025-01-26 08:40:20.600,2376.2861,2375.5
2025-01-26 08:40:20.700,2376.29,2375.5
2025-01-26 08:40:20.800,2376.2913,2375.56
2025-01-26 08:40:20.900,2376.3284,2375.56
2025-01-26 08:40:21.000,2376.3425,2375.6
2025-01-26 08:40:21.100,2376.3723,2375.5
2025-01-26 08:40:21.200,2376.3228,2375.5
2025-01-26 08:40:21.300,2376.304,2375.4
2025-01-26 08:40:21.400,2376.2358,2375.4
2025-01-26 08:40:21.500,2376.2102,2375.4
2025-01-26 08:40:21.600,2376.2002,2375.4
2025-01-26 08:40:21.700,2376.1965,2375.4
2025-01-26 08:40:21.800,2376.195,2375.4
2025-01-26 08:40:21.900,2376.1946,2375.4
2025-01-26 08:40:22.000,2376.1946,2375.55
2025-01-26 08:40:22.100,2376.2854,2375.5
2025-01-26 08:40:22.200,2376.2898,2375.5
2025-01-26 08:40:22.300,2376.2913,2375.5
2025-01-26 08:40:22.400,2376.292,2375.5
2025-01-26 08:40:22.500,2376.2922,2375.5
2025-01-26 08:40:22.600,2376.2922,2375.6
2025-01-26 08:40:22.700,2376.3533,2375.6
2025-01-26 08:40:22.800,2376.3762,2375.5
2025-01-26 08:40:22.900,2376.324,2375.5
2025-01-26 08:40:23.000,2376.3044,2375.5
2025-01-26 08:40:23.100,2376.297,2375.5
2025-01-26 08:40:23.200,2376.2942,2375.5
2025-01-26 08:40:23.300,2376.293,2375.5
2025-01-26 08:40:23.400,2376.2927,2375.6
2025-01-26 08:40:23.500,2376.3533,2375.6
2025-01-26 08:40:23.600,2376.3762,2375.6
2025-01-26 08:40:23.700,2376.385,2375.5666666666666
2025-01-26 08:40:23.800,2376.368,2375.5666666666666
2025-01-26 08:40:23.900,2376.3616,2375.5666666666666
2025-01-26 08:40:24.000,2376.3591,2375.5666666666666
2025-01-26 08:40:24.100,2376.3582,2375.55
2025-01-26 08:40:24.200,2376.3477,2375.7
2025-01-26 08:40:24.300,2376.4348,2375.7
2025-01-26 08:40:24.400,2376.4678,2375.833333333333
2025-01-26 08:40:24.500,2376.5613,2375.833333333333
2025-01-26 08:40:24.600,2376.5967,2375.833333333333
2025-01-26 08:40:24.700,2376.61,2375.833333333333
2025-01-26 08:40:24.800,2376.6155,2375.833333333333
2025-01-26 08:40:24.900,2376.6174,2375.8
2025-01-26 08:40:25.000,2376.598,2375.7
2025-01-26 08:40:25.100,2376.53,2375.7
2025-01-26 08:40:25.200,2376.5042,2375.6
2025-01-26 08:40:25.300,2376.4333,2375.6
2025-01-26 08:40:25.400,2376.4067,2375.6
2025-01-26 08:40:25.500,2376.3967,2375.6
2025-01-26 08:40:25.600,2376.3928,2375.6
2025-01-26 08:40:25.700,2376.3914,2375.6
2025-01-26 08:40:25.800,2376.3906,2375.6
2025-01-26 08:40:25.900,2376.3904,2375.6
2025-01-26 08:40:26.000,2376.3904,2375.6
2025-01-26 08:40:26.100,2376.3904,2375.6
2025-01-26 08:40:26.200,2376.3904,2375.8
2025-01-26 08:40:26.300,2376.5115,2375.8
2025-01-26 08:40:26.400,2376.5576,2375.8
2025-01-26 08:40:26.500,2376.5754,2375.8
2025-01-26 08:40:26.600,2376.5818,2375.8
2025-01-26 08:40:26.700,2376.5845,2375.8
2025-01-26 08:40:26.800,2376.5852,2375.8
2025-01-26 08:40:26.900,2376.5857,2375.8
2025-01-26 08:40:27.000,2376.586,2375.8
2025-01-26 08:40:27.100,2376.586,2375.611111111112
2025-01-26 08:40:27.200,2376.4712,2375.5
2025-01-26 08:40:27.300,2376.3604,2375.5
2025-01-26 08:40:27.400,2376.318,2375.5
2025-01-26 08:40:27.500,2376.3022,2375.5
2025-01-26 08:40:27.600,2376.2961,2375.5
2025-01-26 08:40:27.700,2376.2937,2375.5
2025-01-26 08:40:27.800,2376.2927,2375.5
2025-01-26 08:40:27.900,2376.2925,2375.5
2025-01-26 08:40:28.000,2376.2922,2375.4444444444443
2025-01-26 08:40:28.100,2376.2585,2375.4444444444443
2025-01-26 08:40:28.200,2376.2458,2375.6
2025-01-26 08:40:28.300,2376.3354,2375.6
2025-01-26 08:40:28.400,2376.3694,2375.6
2025-01-26 08:40:28.500,2376.3826,2375.5
2025-01-26 08:40:28.600,2376.3264,2375.5
2025-01-26 08:40:28.700,2376.3054,2375.5
2025-01-26 08:40:28.800,2376.2974,2375.5
2025-01-26 08:40:28.900,2376.2942,2375.5
2025-01-26 08:40:29.000,2376.293,2375.7
2025-01-26 08:40:29.100,2376.414,2375.7
2025-01-26 08:40:29.200,2376.46,2375.7
2025-01-26 08:40:29.300,2376.4773,2375.7
2025-01-26 08:40:29.400,2376.4841,2375.65
2025-01-26 08:40:29.500,2376.456,2375.65
2025-01-26 08:40:29.600,2376.4456,2375.65
2025-01-26 08:40:29.700,2376.4417,2375.65
2025-01-26 08:40:29.800,2376.44,2375.65
2025-01-26 08:40:29.900,2376.4395,2375.65
2025-01-26 08:40:30.000,2376.4392,2375.65
2025-01-26 08:40:30.100,2376.4392,2375.8
2025-01-26 08:40:30.200,2376.53,2375.8500000000004
2025-01-26 08:40:30.300,2376.5952,2375.9
2025-01-26 08:40:30.400,2376.6501,2375.9
2025-01-26 08:40:30.500,2376.671,2375.9
2025-01-26 08:40:30.600,2376.679,2375.9
2025-01-26 08:40:30.700,2376.682,2375.9
2025-01-26 08:40:30.800,2376.6829,2375.8
2025-01-26 08:40:30.900,2376.6228,2375.8
2025-01-26 08:40:31.000,2376.5999,2375.7
2025-01-26 08:40:31.100,2376.5305,2375.7
2025-01-26 08:40:31.200,2376.5042,2375.7
2025-01-26 08:40:31.300,2376.4944,2375.7
2025-01-26 08:40:31.400,2376.4905,2375.7
2025-01-26 08:40:31.500,2376.489,2375.6
2025-01-26 08:40:31.600,2376.428,2375.6
2025-01-26 08:40:31.700,2376.4045,2375.6
2025-01-26 08:40:31.800,2376.3958,2375.6
2025-01-26 08:40:31.900,2376.3923,2375.6
2025-01-26 08:40:32.000,2376.3914,2375.6
2025-01-26 08:40:32.100,2376.3906,2375.6
2025-01-26 08:40:32.200,2376.3904,2375.6
2025-01-26 08:40:32.300,2376.3904,2375.6
2025-01-26 08:40:32.400,2376.3904,2375.6
2025-01-26 08:40:32.500,2376.3904,2375.6
2025-01-26 08:40:32.600,2376.3904,2375.6
2025-01-26 08:40:32.700,2376.3904,2375.775
2025-01-26 08:40:32.800,2376.4963,2375.7
2025-01-26 08:40:32.900,2376.4912,2375.5
2025-01-26 08:40:33.000,2376.368,2375.5
2025-01-26 08:40:33.100,2376.321,2375.6
2025-01-26 08:40:33.200,2376.364,2375.6
2025-01-26 08:40:33.300,2376.3806,2375.6
2025-01-26 08:40:33.400,2376.3865,2375.7
2025-01-26 08:40:33.500,2376.4495,2375.7
2025-01-26 08:40:33.600,2376.4734,2375.7
2025-01-26 08:40:33.700,2376.4827,2375.7
2025-01-26 08:40:33.800,2376.486,2375.7
2025-01-26 08:40:33.900,2376.4873,2375.7
2025-01-26 08:40:34.000,2376.4878,2375.7
2025-01-26 08:40:34.100,2376.488,2375.633333333333
2025-01-26 08:40:34.200,2376.4475,2375.633333333333
2025-01-26 08:40:34.300,2376.4324,2375.633333333333
2025-01-26 08:40:34.400,2376.4265,2375.633333333333
2025-01-26 08:40:34.500,2376.424,2375.5
2025-01-26 08:40:34.600,2376.3425,2375.5
2025-01-26 08:40:34.700,2376.3113,2375.5
2025-01-26 08:40:34.800,2376.2996,2375.5
2025-01-26 08:40:34.900,2376.2952,2375.4
2025-01-26 08:40:35.000,2376.2327,2375.4
2025-01-26 08:40:35.100,2376.2087,2375.4
2025-01-26 08:40:35.200,2376.2,2375.4
2025-01-26 08:40:35.300,2376.1965,2375.4
2025-01-26 08:40:35.400,2376.195,2375.4
2025-01-26 08:40:35.500,2376.1946,2375.25
2025-01-26 08:40:35.600,2376.1033,2375.25
2025-01-26 08:40:35.700,2376.0686,2374.9416666666666
2025-01-26 08:40:35.800,2375.8684,2374.75
2025-01-26 08:40:35.900,2375.6758,2374.75
2025-01-26 08:40:36.000,2375.6028,2374.75
2025-01-26 08:40:36.100,2375.575,2374.75
2025-01-26 08:40:36.200,2375.5642,2374.75
2025-01-26 08:40:36.300,2375.5603,2374.8
2025-01-26 08:40:36.400,2375.589,2374.8
2025-01-26 08:40:36.500,2375.6003,2374.8
2025-01-26 08:40:36.600,2375.6042,2374.8
2025-01-26 08:40:36.700,2375.6057,2374.8
2025-01-26 08:40:36.800,2375.6064,2374.7
2025-01-26 08:40:36.900,2375.5457,2374.7
2025-01-26 08:40:37.000,2375.5227,2374.7333333333336
2025-01-26 08:40:37.100,2375.5344,2374.6
2025-01-26 08:40:37.200,2375.4578,2374.6
2025-01-26 08:40:37.300,2375.4287,2374.6
2025-01-26 08:40:37.400,2375.4175,2374.6
2025-01-26 08:40:37.500,2375.4133,2374.6
2025-01-26 08:40:37.600,2375.4119,2374.6
2025-01-26 08:40:37.700,2375.4111,2374.5
2025-01-26 08:40:37.800,2375.3499,2374.5
2025-01-26 08:40:37.900,2375.327,2374.5
2025-01-26 08:40:38.000,2375.318,2374.5
2025-01-26 08:40:38.100,2375.3147,2374.5
2025-01-26 08:40:38.200,2375.3135,2374.5
2025-01-26 08:40:38.300,2375.313,2374.5666666666666
2025-01-26 08:40:38.400,2375.3533,2374.5666666666666
2025-01-26 08:40:38.500,2375.3687,2374.5666666666666
2025-01-26 08:40:38.600,2375.3745,2374.5666666666666
2025-01-26 08:40:38.700,2375.3767,2374.5666666666666
2025-01-26 08:40:38.800,2375.3772,2374.5666666666666
2025-01-26 08:40:38.900,2375.3777,2374.5666666666666
2025-01-26 08:40:39.000,2375.378,2374.5666666666666
2025-01-26 08:40:39.100,2375.378,2374.6
2025-01-26 08:40:39.200,2375.3982,2374.6
2025-01-26 08:40:39.300,2375.406,2374.25
2025-01-26 08:40:39.400,2375.1965,2374.1
2025-01-26 08:40:39.500,2375.0256,2374.0
2025-01-26 08:40:39.600,2374.8997,2374.1
2025-01-26 08:40:39.700,2374.9128,2374.1
2025-01-26 08:40:39.800,2374.9175,2374.0
2025-01-26 08:40:39.900,2374.8586,2374.0
2025-01-26 08:40:40.000,2374.8362,2373.8
2025-01-26 08:40:40.100,2374.7063,2373.8
2025-01-26 08:40:40.200,2374.6567,2373.733333333333
2025-01-26 08:40:40.300,2374.5974,2373.7
2025-01-26 08:40:40.400,2374.5544,2373.7
2025-01-26 08:40:40.500,2374.5383,2373.355555555556
2025-01-26 08:40:40.600,2374.3225,2373.6
2025-01-26 08:40:40.700,2374.3894,2373.6
2025-01-26 08:40:40.800,2374.4148,2373.6
2025-01-26 08:40:40.900,2374.424,2373.7
2025-01-26 08:40:41.000,2374.4885,2373.6
2025-01-26 08:40:41.100,2374.4524,2373.6
2025-01-26 08:40:41.200,2374.4387,2373.6
2025-01-26 08:40:41.300,2374.4333,2373.6
2025-01-26 08:40:41.400,2374.4314,2373.6
2025-01-26 08:40:41.500,2374.431,2373.75
2025-01-26 08:40:41.600,2374.5217,2373.7
2025-01-26 08:40:41.700,2374.5256,2373.7
2025-01-26 08:40:41.800,2374.5273,2373.8
2025-01-26 08:40:41.900,2374.5886,2373.8
2025-01-26 08:40:42.000,2374.612,2373.8
2025-01-26 08:40:42.100,2374.6208,2373.8
2025-01-26 08:40:42.200,2374.6243,2373.75
2025-01-26 08:40:42.300,2374.5952,2373.75
2025-01-26 08:40:42.400,2374.5842,2373.75
2025-01-26 08:40:42.500,2374.5798,2373.7
2025-01-26 08:40:42.600,2374.5479,2373.7
2025-01-26 08:40:42.700,2374.536,2373.7
2025-01-26 08:40:42.800,2374.531,2373.6
2025-01-26 08:40:42.900,2374.4685,2373.6
2025-01-26 08:40:43.000,2374.4448,2373.6
2025-01-26 08:40:43.100,2374.4358,2373.6
2025-01-26 08:40:43.200,2374.4324,2373.6
2025-01-26 08:40:43.300,2374.4312,2373.6
2025-01-26 08:40:43.400,2374.4304,2373.6
2025-01-26 08:40:43.500,2374.4304,2373.6
2025-01-26 08:40:43.600,2374.4302,2373.475
2025-01-26 08:40:43.700,2374.3542,2373.475
2025-01-26 08:40:43.800,2374.3254,2373.475
2025-01-26 08:40:43.900,2374.3145,2373.6
2025-01-26 08:40:44.000,2374.386,2373.6
2025-01-26 08:40:44.100,2374.4133,2373.6
2025-01-26 08:40:44.200,2374.4238,2373.6
2025-01-26 08:40:44.300,2374.428,2373.6
2025-01-26 08:40:44.400,2374.4294,2373.6
2025-01-26 08:40:44.500,2374.43,2373.6
2025-01-26 08:40:44.600,2374.4302,2373.5
2025-01-26 08:40:44.700,2374.3694,2373.5
2025-01-26 08:40:44.800,2374.3464,2373.7
2025-01-26 08:40:44.900,2374.459,2373.7
2025-01-26 08:40:45.000,2374.5017,2373.5
2025-01-26 08:40:45.100,2374.3967,2373.5
2025-01-26 08:40:45.200,2374.3567,2373.5
2025-01-26 08:40:45.300,2374.341,2373.5
2025-01-26 08:40:45.400,2374.3354,2373.5
2025-01-26 08:40:45.500,2374.3333,2373.5
2025-01-26 08:40:45.600,2374.3323,2373.5
2025-01-26 08:40:45.700,2374.3323,2373.5
2025-01-26 08:40:45.800,2374.332,2373.5
2025-01-26 08:40:45.900,2374.332,2373.4
2025-01-26 08:40:46.000,2374.2712,2373.4
2025-01-26 08:40:46.100,2374.2478,2373.4
2025-01-26 08:40:46.200,2374.239,2373.4333333333334
2025-01-26 08:40:46.300,2374.256,2373.4333333333334
2025-01-26 08:40:46.400,2374.2625,2373.4
2025-01-26 08:40:46.500,2374.2449,2373.3
2025-01-26 08:40:46.600,2374.177,2373.3
2025-01-26 08:40:46.700,2374.1516,2373.3
2025-01-26 08:40:46.800,2374.1416,2373.1
2025-01-26 08:40:46.900,2374.0164,2373.1
2025-01-26 08:40:47.000,2373.9688,2373.1
2025-01-26 08:40:47.100,2373.9504,2373.1
2025-01-26 08:40:47.200,2373.9436,2373.1
2025-01-26 08:40:47.300,2373.941,2373.1
2025-01-26 08:40:47.400,2373.9402,2373.0
2025-01-26 08:40:47.500,2373.8787,2373.0
2025-01-26 08:40:47.600,2373.8555,2373.0
2025-01-26 08:40:47.700,2373.8467,2373.0
2025-01-26 08:40:47.800,2373.8433,2373.0
2025-01-26 08:40:47.900,2373.842,2373.0
2025-01-26 08:40:48.000,2373.8416,2373.0
2025-01-26 08:40:48.100,2373.8413,2373.0
2025-01-26 08:40:48.200,2373.841,2373.0
2025-01-26 08:40:48.300,2373.841,2373.0
2025-01-26 08:40:48.400,2373.841,2372.9
2025-01-26 08:40:48.500,2373.7805,2372.9
2025-01-26 08:40:48.600,2373.757,2372.9
2025-01-26 08:40:48.700,2373.7483,2372.9
2025-01-26 08:40:48.800,2373.7449,2372.9
2025-01-26 08:40:48.900,2373.7434,2372.9
2025-01-26 08:40:49.000,2373.7432,2372.9
2025-01-26 08:40:49.100,2373.743,2372.9
2025-01-26 08:40:49.200,2373.743,2372.9
2025-01-26 08:40:49.300,2373.743,2373.1
2025-01-26 08:40:49.400,2373.8645,2373.0
2025-01-26 08:40:49.500,2373.8499,2373.0
2025-01-26 08:40:49.600,2373.8445,2372.9
2025-01-26 08:40:49.700,2373.7815,2372.8
2025-01-26 08:40:49.800,2373.697,2372.8
2025-01-26 08:40:49.900,2373.6648,2372.8
2025-01-26 08:40:50.000,2373.6523,2372.8
2025-01-26 08:40:50.100,2373.6477,2372.9
2025-01-26 08:40:50.200,2373.7068,2372.9
2025-01-26 08:40:50.300,2373.729,2372.8
2025-01-26 08:40:50.400,2373.677,2372.8
2025-01-26 08:40:50.500,2373.657,2372.8
2025-01-26 08:40:50.600,2373.6497,2372.8
2025-01-26 08:40:50.700,2373.6467,2372.8
2025-01-26 08:40:50.800,2373.6455,2372.8
2025-01-26 08:40:50.900,2373.645,2373.0
2025-01-26 08:40:51.000,2373.7664,2373.0
2025-01-26 08:40:51.100,2373.8127,2373.0
2025-01-26 08:40:51.200,2373.8303,2373.0
2025-01-26 08:40:51.300,2373.8372,2373.1
2025-01-26 08:40:51.400,2373.9004,2373.1
2025-01-26 08:40:51.500,2373.9246,2373.1
2025-01-26 08:40:51.600,2373.9338,2373.1
2025-01-26 08:40:51.700,2373.9373,2373.1
2025-01-26 08:40:51.800,2373.9387,2373.1
2025-01-26 08:40:51.900,2373.939,2373.1
2025-01-26 08:40:52.000,2373.9392,2373.1
2025-01-26 08:40:52.100,2373.9392,2373.1
2025-01-26 08:40:52.200,2373.9392,2373.1
2025-01-26 08:40:52.300,2373.9392,2373.1
2025-01-26 08:40:52.400,2373.9392,2373.0
2025-01-26 08:40:52.500,2373.8787,2373.0
2025-01-26 08:40:52.600,2373.8555,2373.1
2025-01-26 08:40:52.700,2373.9075,2373.1
2025-01-26 08:40:52.800,2373.9272,2373.1
2025-01-26 08:40:52.900,2373.9348,2373.1
2025-01-26 08:40:53.000,2373.9375,2373.1
2025-01-26 08:40:53.100,2373.9387,2373.1
2025-01-26 08:40:53.200,2373.9392,2373.1
2025-01-26 08:40:53.300,2373.9392,2373.1
2025-01-26 08:40:53.400,2373.9392,2373.1
2025-01-26 08:40:53.500,2373.9392,2372.9
2025-01-26 08:40:53.600,2373.8176,2372.7166666666667
2025-01-26 08:40:53.700,2373.66,2372.7166666666667
2025-01-26 08:40:53.800,2373.5996,2372.525
2025-01-26 08:40:53.900,2373.4602,2372.6
2025-01-26 08:40:54.000,2373.453,2372.6666666666665
2025-01-26 08:40:54.100,2373.4907,2372.5
2025-01-26 08:40:54.200,2373.4036,2372.75
2025-01-26 08:40:54.300,2373.5227,2372.7
2025-01-26 08:40:54.400,2373.5374,2372.7
2025-01-26 08:40:54.500,2373.543,2372.7
2025-01-26 08:40:54.600,2373.5452,2372.7
2025-01-26 08:40:54.700,2373.546,2372.7
2025-01-26 08:40:54.800,2373.5461,2372.8
2025-01-26 08:40:54.900,2373.6072,2372.8
2025-01-26 08:40:55.000,2373.6306,2372.9333333333334
2025-01-26 08:40:55.100,2373.7205,2372.9333333333334
2025-01-26 08:40:55.200,2373.7546,2372.9333333333334
2025-01-26 08:40:55.300,2373.7678,2372.95
2025-01-26 08:40:55.400,2373.783,2372.95
2025-01-26 08:40:55.500,2373.7883,2372.95
2025-01-26 08:40:55.600,2373.7908,2372.95
2025-01-26 08:40:55.700,2373.7915,2373.1
2025-01-26 08:40:55.800,2373.883,2373.2
2025-01-26 08:40:55.900,2373.9788,2373.3
2025-01-26 08:40:56.000,2374.076,2373.2
2025-01-26 08:40:56.100,2374.0522,2373.2
2025-01-26 08:40:56.200,2374.043,2373.3500000000004
2025-01-26 08:40:56.300,2374.1309,2373.3500000000004
2025-01-26 08:40:56.400,2374.1643,2373.3500000000004
2025-01-26 08:40:56.500,2374.177,2373.3
2025-01-26 08:40:56.600,2374.1514,2373.3500000000004
2025-01-26 08:40:56.700,2374.172,2373.3500000000004
2025-01-26 08:40:56.800,2374.18,2373.3500000000004
2025-01-26 08:40:56.900,2374.1829,2373.3500000000004
2025-01-26 08:40:57.000,2374.1843,2373.3
2025-01-26 08:40:57.100,2374.154,2373.5666666666666
2025-01-26 08:40:57.200,2374.305,2373.5666666666666
2025-01-26 08:40:57.300,2374.362,2373.5666666666666
2025-01-26 08:40:57.400,2374.384,2373.5666666666666
2025-01-26 08:40:57.500,2374.3923,2373.3
2025-01-26 08:40:57.600,2374.2334,2373.3
2025-01-26 08:40:57.700,2374.1729,2373.5
2025-01-26 08:40:57.800,2374.2715,2373.6
2025-01-26 08:40:57.900,2374.3699,2373.6
2025-01-26 08:40:58.000,2374.4075,2373.6
2025-01-26 08:40:58.100,2374.4216,2373.6
2025-01-26 08:40:58.200,2374.427,2373.6
2025-01-26 08:40:58.300,2374.429,2373.6
2025-01-26 08:40:58.400,2374.43,2373.6
2025-01-26 08:40:58.500,2374.43,2373.6
2025-01-26 08:40:58.600,2374.4302,2373.6
2025-01-26 08:40:58.700,2374.4302,2373.6
2025-01-26 08:40:58.800,2374.4302,2373.6
2025-01-26 08:40:58.900,2374.4302,2373.8
2025-01-26 08:40:59.000,2374.5515,2373.9
2025-01-26 08:40:59.100,2374.6587,2373.9
2025-01-26 08:40:59.200,2374.6995,2373.9
2025-01-26 08:40:59.300,2374.7148,2373.9
2025-01-26 08:40:59.400,2374.7207,2374.0
2025-01-26 08:40:59.500,2374.784,2374.0
2025-01-26 08:40:59.600,2374.8079,2374.1666666666665
2025-01-26 08:40:59.700,2374.9182,2374.0
2025-01-26 08:40:59.800,2374.859,2374.0666666666666
2025-01-26 08:40:59.900,2374.8767,2374.0666666666666
2025-01-26 08:41:00.000,2374.8835,2374.2
2025-01-26 08:41:00.100,2374.967,2374.2
2025-01-26 08:41:00.200,2374.9993,2374.24
2025-01-26 08:41:00.300,2375.0354,2374.0
2025-01-26 08:41:00.400,2374.9036,2374.0
2025-01-26 08:41:00.500,2374.8533,2374.0
2025-01-26 08:41:00.600,2374.8342,2374.0
2025-01-26 08:41:00.700,2374.827,2373.85
2025-01-26 08:41:00.800,2374.7332,2373.9
2025-01-26 08:41:00.900,2374.7278,2373.9
2025-01-26 08:41:01.000,2374.7256,2373.9
2025-01-26 08:41:01.100,2374.7249,2373.9
2025-01-26 08:41:01.200,2374.7246,2373.9
2025-01-26 08:41:01.300,2374.7244,2373.9666666666667
2025-01-26 08:41:01.400,2374.765,2374.0
2025-01-26 08:41:01.500,2374.8005,2374.0
2025-01-26 08:41:01.600,2374.8142,2373.9
2025-01-26 08:41:01.700,2374.7585,2373.9
2025-01-26 08:41:01.800,2374.7375,2373.9
2025-01-26 08:41:01.900,2374.7292,2373.8
2025-01-26 08:41:02.000,2374.6655,2373.8
2025-01-26 08:41:02.100,2374.6414,2373.8
2025-01-26 08:41:02.200,2374.632,2373.8
2025-01-26 08:41:02.300,2374.6284,2373.8
2025-01-26 08:41:02.400,2374.6272,2373.8
2025-01-26 08:41:02.500,2374.6267,2373.5
2025-01-26 08:41:02.600,2374.444,2373.4
2025-01-26 08:41:02.700,2374.3137,2373.4
2025-01-26 08:41:02.800,2374.2642,2373.4
2025-01-26 08:41:02.900,2374.2454,2373.4
2025-01-26 08:41:03.000,2374.238,2373.4
2025-01-26 08:41:03.100,2374.2354,2373.4
2025-01-26 08:41:03.200,2374.2344,2373.4
2025-01-26 08:41:03.300,2374.234,2373.4
2025-01-26 08:41:03.400,2374.234,2373.4
2025-01-26 08:41:03.500,2374.2336,2373.2
2025-01-26 08:41:03.600,2374.112,2373.3
2025-01-26 08:41:03.700,2374.1267,2373.3
2025-01-26 08:41:03.800,2374.1323,2373.3
2025-01-26 08:41:03.900,2374.1345,2373.3
2025-01-26 08:41:04.000,2374.1353,2373.3
2025-01-26 08:41:04.100,2374.1355,2373.2
2025-01-26 08:41:04.200,2374.0747,2373.2
2025-01-26 08:41:04.300,2374.0515,2373.2
2025-01-26 08:41:04.400,2374.043,2373.2
2025-01-26 08:41:04.500,2374.0396,2373.233333333333
2025-01-26 08:41:04.600,2374.0586,2373.233333333333
2025-01-26 08:41:04.700,2374.0657,2373.233333333333
2025-01-26 08:41:04.800,2374.0686,2373.233333333333
2025-01-26 08:41:04.900,2374.0696,2373.233333333333
2025-01-26 08:41:05.000,2374.07,2373.4
2025-01-26 08:41:05.100,2374.1714,2373.4
2025-01-26 08:41:05.200,2374.2102,2373.4
2025-01-26 08:41:05.300,2374.2246,2373.4
2025-01-26 08:41:05.400,2374.2302,2373.4
2025-01-26 08:41:05.500,2374.2324,2373.3
2025-01-26 08:41:05.600,2374.1726,2373.3
2025-01-26 08:41:05.700,2374.1497,2373.3
2025-01-26 08:41:05.800,2374.1409,2373.3
2025-01-26 08:41:05.900,2374.1377,2373.2
2025-01-26 08:41:06.000,2374.0754,2373.2
2025-01-26 08:41:06.100,2374.052,2373.2
2025-01-26 08:41:06.200,2374.043,2373.2
2025-01-26 08:41:06.300,2374.0396,2373.2
2025-01-26 08:41:06.400,2374.0383,2373.25
2025-01-26 08:41:06.500,2374.068,2373.25
2025-01-26 08:41:06.600,2374.0793,2373.25
2025-01-26 08:41:06.700,2374.0837,2373.25
2025-01-26 08:41:06.800,2374.0857,2373.3
2025-01-26 08:41:06.900,2374.1165,2373.2
2025-01-26 08:41:07.000,2374.0676,2373.3
2025-01-26 08:41:07.100,2374.1096,2373.3
2025-01-26 08:41:07.200,2374.1257,2373.3
2025-01-26 08:41:07.300,2374.132,2373.3
2025-01-26 08:41:07.400,2374.1343,2373.4
2025-01-26 08:41:07.500,2374.196,2373.4
2025-01-26 08:41:07.600,2374.2192,2373.4
2025-01-26 08:41:07.700,2374.2283,2373.4
2025-01-26 08:41:07.800,2374.2317,2373.4
2025-01-26 08:41:07.900,2374.2332,2373.4
2025-01-26 08:41:08.000,2374.2334,2373.4
2025-01-26 08:41:08.100,2374.2336,2373.4
2025-01-26 08:41:08.200,2374.2336,2373.4
2025-01-26 08:41:08.300,2374.2336,2373.4
2025-01-26 08:41:08.400,2374.2336,2373.4
2025-01-26 08:41:08.500,2374.2336,2373.333333333333
2025-01-26 08:41:08.600,2374.193,2373.4
2025-01-26 08:41:08.700,2374.218,2373.4
2025-01-26 08:41:08.800,2374.2278,2373.4
2025-01-26 08:41:08.900,2374.2317,2373.4
2025-01-26 08:41:09.000,2374.2327,2373.4
2025-01-26 08:41:09.100,2374.2334,2373.4
2025-01-26 08:41:09.200,2374.2336,2373.633333333333
2025-01-26 08:41:09.300,2374.3757,2373.633333333333
2025-01-26 08:41:09.400,2374.4297,2373.55
2025-01-26 08:41:09.500,2374.3997,2373.5
2025-01-26 08:41:09.600,2374.3577,2373.4
2025-01-26 08:41:09.700,2374.281,2373.4333333333334
2025-01-26 08:41:09.800,2374.2722,2373.4
2025-01-26 08:41:09.900,2374.2483,2373.4
2025-01-26 08:41:10.000,2374.2393,2373.4
2025-01-26 08:41:10.100,2374.2358,2373.4
2025-01-26 08:41:10.200,2374.2344,2373.4
2025-01-26 08:41:10.300,2374.2341,2373.55
2025-01-26 08:41:10.400,2374.3252,2373.55
2025-01-26 08:41:10.500,2374.3599,2373.55
2025-01-26 08:41:10.600,2374.3733,2373.55
2025-01-26 08:41:10.700,2374.378,2373.55
2025-01-26 08:41:10.800,2374.38,2373.55
2025-01-26 08:41:10.900,2374.3806,2373.55
2025-01-26 08:41:11.000,2374.3809,2373.55
2025-01-26 08:41:11.100,2374.381,2373.5
2025-01-26 08:41:11.200,2374.3506,2373.5
2025-01-26 08:41:11.300,2374.339,2373.5
2025-01-26 08:41:11.400,2374.3347,2373.7
2025-01-26 08:41:11.500,2374.4543,2373.7
2025-01-26 08:41:11.600,2374.5002,2373.7
2025-01-26 08:41:11.700,2374.5176,2373.8
2025-01-26 08:41:11.800,2374.585,2373.8
2025-01-26 08:41:11.900,2374.6106,2373.8
2025-01-26 08:41:12.000,2374.6204,2373.8
2025-01-26 08:41:12.100,2374.624,2373.8
2025-01-26 08:41:12.200,2374.6255,2373.75
2025-01-26 08:41:12.300,2374.5957,2373.45
2025-01-26 08:41:12.400,2374.4019,2373.45
2025-01-26 08:41:12.500,2374.3281,2373.45
2025-01-26 08:41:12.600,2374.3,2373.45
2025-01-26 08:41:12.700,2374.2893,2373.45
2025-01-26 08:41:12.800,2374.2852,2373.3
2025-01-26 08:41:12.900,2374.1926,2373.3
2025-01-26 08:41:13.000,2374.1575,2373.3
2025-01-26 08:41:13.100,2374.1438,2373.2
2025-01-26 08:41:13.200,2374.078,2373.2
2025-01-26 08:41:13.300,2374.053,2373.3
2025-01-26 08:41:13.400,2374.1042,2373.3
2025-01-26 08:41:13.500,2374.1238,2373.3
2025-01-26 08:41:13.600,2374.131,2373.3
2025-01-26 08:41:13.700,2374.134,2373.3
2025-01-26 08:41:13.800,2374.135,2373.3
2025-01-26 08:41:13.900,2374.1355,2373.3
2025-01-26 08:41:14.000,2374.1355,2373.3
2025-01-26 08:41:14.100,2374.1357,2373.15
2025-01-26 08:41:14.200,2374.0444,2373.2
2025-01-26 08:41:14.300,2374.0403,2373.2
2025-01-26 08:41:14.400,2374.0386,2373.1
2025-01-26 08:41:14.500,2373.9773,2373.1
2025-01-26 08:41:14.600,2373.9539,2373.1
2025-01-26 08:41:14.700,2373.945,2373.15
2025-01-26 08:41:14.800,2373.972,2373.15
2025-01-26 08:41:14.900,2373.9822,2373.2
2025-01-26 08:41:15.000,2374.0164,2373.2
2025-01-26 08:41:15.100,2374.0295,2373.2
2025-01-26 08:41:15.200,2374.0344,2373.2
2025-01-26 08:41:15.300,2374.0364,2373.2
2025-01-26 08:41:15.400,2374.037,2373.15
2025-01-26 08:41:15.500,2374.007,2373.15
2025-01-26 08:41:15.600,2373.9954,2373.15
2025-01-26 08:41:15.700,2373.991,2373.15
2025-01-26 08:41:15.800,2373.9895,2373.15
2025-01-26 08:41:15.900,2373.9888,2373.3
2025-01-26 08:41:16.000,2374.0798,2373.3
2025-01-26 08:41:16.100,2374.1145,2373.3
2025-01-26 08:41:16.200,2374.1277,2373.475
2025-01-26 08:41:16.300,2374.239,2373.475
2025-01-26 08:41:16.400,2374.2815,2373.475
2025-01-26 08:41:16.500,2374.2976,2373.475
2025-01-26 08:41:16.600,2374.3037,2373.475
2025-01-26 08:41:16.700,2374.3062,2373.475
2025-01-26 08:41:16.800,2374.307,2373.7
2025-01-26 08:41:16.900,2374.444,2373.7
2025-01-26 08:41:17.000,2374.496,2373.7
2025-01-26 08:41:17.100,2374.516,2373.7
2025-01-26 08:41:17.200,2374.5234,2373.7
2025-01-26 08:41:17.300,2374.5264,2373.7
2025-01-26 08:41:17.400,2374.5276,2373.7
2025-01-26 08:41:17.500,2374.528,2373.7
2025-01-26 08:41:17.600,2374.528,2373.7
2025-01-26 08:41:17.700,2374.528,2373.7
2025-01-26 08:41:17.800,2374.528,2373.7
2025-01-26 08:41:17.900,2374.528,2373.7
2025-01-26 08:41:18.000,2374.528,2373.8
2025-01-26 08:41:18.100,2374.589,2373.8
2025-01-26 08:41:18.200,2374.612,2373.9
2025-01-26 08:41:18.300,2374.6816,2373.9
2025-01-26 08:41:18.400,2374.708,2373.9
2025-01-26 08:41:18.500,2374.718,2373.9
2025-01-26 08:41:18.600,2374.722,2373.9
2025-01-26 08:41:18.700,2374.7234,2373.9
2025-01-26 08:41:18.800,2374.724,2373.9
2025-01-26 08:41:18.900,2374.7244,2373.7
2025-01-26 08:41:19.000,2374.6028,2373.7
2025-01-26 08:41:19.100,2374.5566,2373.6
2025-01-26 08:41:19.200,2374.4783,2373.6
2025-01-26 08:41:19.300,2374.4485,2373.6
2025-01-26 08:41:19.400,2374.4373,2373.45
2025-01-26 08:41:19.500,2374.3416,2373.45
2025-01-26 08:41:19.600,2374.3052,2373.4
2025-01-26 08:41:19.700,2374.261,2373.4
2025-01-26 08:41:19.800,2374.2441,2373.5
2025-01-26 08:41:19.900,2374.2986,2373.45
2025-01-26 08:41:20.000,2374.2888,2373.5666666666666
2025-01-26 08:41:20.100,2374.3562,2373.5666666666666
2025-01-26 08:41:20.200,2374.3816,2373.5666666666666
2025-01-26 08:41:20.300,2374.3914,2373.5666666666666
2025-01-26 08:41:20.400,2374.395,2373.5666666666666
2025-01-26 08:41:20.500,2374.3965,2373.5666666666666
2025-01-26 08:41:20.600,2374.397,2373.5666666666666
2025-01-26 08:41:20.700,2374.3972,2373.5666666666666
2025-01-26 08:41:20.800,2374.3975,2373.5666666666666
2025-01-26 08:41:20.900,2374.3975,2373.7
2025-01-26 08:41:21.000,2374.4785,2373.7
2025-01-26 08:41:21.100,2374.5093,2373.7
2025-01-26 08:41:21.200,2374.521,2373.8
2025-01-26 08:41:21.300,2374.5862,2373.8
2025-01-26 08:41:21.400,2374.611,2373.8
2025-01-26 08:41:21.500,2374.6204,2373.8
2025-01-26 08:41:21.600,2374.624,2373.8
2025-01-26 08:41:21.700,2374.6255,2373.8
2025-01-26 08:41:21.800,2374.6262,2373.7
2025-01-26 08:41:21.900,2374.5654,2373.7
2025-01-26 08:41:22.000,2374.5422,2373.7
2025-01-26 08:41:22.100,2374.5334,2373.7
2025-01-26 08:41:22.200,2374.5303,2373.7
2025-01-26 08:41:22.300,2374.529,2373.7
2025-01-26 08:41:22.400,2374.5286,2373.7
2025-01-26 08:41:22.500,2374.5283,2373.7
2025-01-26 08:41:22.600,2374.528,2373.6
2025-01-26 08:41:22.700,2374.4675,2373.7
2025-01-26 08:41:22.800,2374.5051,2373.7
2025-01-26 08:41:22.900,2374.5193,2373.7
2025-01-26 08:41:23.000,2374.525,2373.7
2025-01-26 08:41:23.100,2374.5269,2373.7
2025-01-26 08:41:23.200,2374.5278,2373.7
2025-01-26 08:41:23.300,2374.528,2373.7
2025-01-26 08:41:23.400,2374.528,2373.7
2025-01-26 08:41:23.500,2374.528,2373.7
2025-01-26 08:41:23.600,2374.528,2373.7
2025-01-26 08:41:23.700,2374.528,2373.7
2025-01-26 08:41:23.800,2374.528,2373.7
2025-01-26 08:41:23.900,2374.528,2373.7
2025-01-26 08:41:24.000,2374.528,2373.7
2025-01-26 08:41:24.100,2374.528,2373.7
2025-01-26 08:41:24.200,2374.528,2373.7
2025-01-26 08:41:24.300,2374.528,2373.7
2025-01-26 08:41:24.400,2374.528,2373.7
2025-01-26 08:41:24.500,2374.528,2373.7
2025-01-26 08:41:24.600,2374.528,2373.7
2025-01-26 08:41:24.700,2374.528,2373.766666666667
2025-01-26 08:41:24.800,2374.5686,2373.766666666667
2025-01-26 08:41:24.900,2374.5842,2373.766666666667
2025-01-26 08:41:25.000,2374.59,2373.766666666667
2025-01-26 08:41:25.100,2374.5923,2373.766666666667
2025-01-26 08:41:25.200,2374.593,2373.75
2025-01-26 08:41:25.300,2374.5833,2373.75
2025-01-26 08:41:25.400,2374.5798,2373.75
2025-01-26 08:41:25.500,2374.5784,2373.75
2025-01-26 08:41:25.600,2374.578,2373.75
2025-01-26 08:41:25.700,2374.5774,2373.75
2025-01-26 08:41:25.800,2374.5774,2373.75
2025-01-26 08:41:25.900,2374.5774,2373.75
2025-01-26 08:41:26.000,2374.5774,2373.75
2025-01-26 08:41:26.100,2374.5774,2373.75
2025-01-26 08:41:26.200,2374.5774,2373.75
2025-01-26 08:41:26.300,2374.5774,2373.8
2025-01-26 08:41:26.400,2374.6077,2373.8
2025-01-26 08:41:26.500,2374.6191,2373.7
2025-01-26 08:41:26.600,2374.5627,2373.7
2025-01-26 08:41:26.700,2374.5413,2373.7
2025-01-26 08:41:26.800,2374.5332,2373.7
2025-01-26 08:41:26.900,2374.53,2373.7
2025-01-26 08:41:27.000,2374.529,2373.7
2025-01-26 08:41:27.100,2374.5286,2373.7
2025-01-26 08:41:27.200,2374.5283,2373.7
2025-01-26 08:41:27.300,2374.528,2373.7
2025-01-26 08:41:27.400,2374.528,2373.7
2025-01-26 08:41:27.500,2374.528,2373.7
2025-01-26 08:41:27.600,2374.528,2373.7
2025-01-26 08:41:27.700,2374.528,2373.7
2025-01-26 08:41:27.800,2374.528,2373.7
2025-01-26 08:41:27.900,2374.528,2373.7
2025-01-26 08:41:28.000,2374.528,2373.7
2025-01-26 08:41:28.100,2374.528,2373.7
2025-01-26 08:41:28.200,2374.528,2373.7
2025-01-26 08:41:28.300,2374.528,2373.7
2025-01-26 08:41:28.400,2374.528,2373.8
2025-01-26 08:41:28.500,2374.589,2373.8
2025-01-26 08:41:28.600,2374.612,2373.6
2025-01-26 08:41:28.700,2374.4993,2373.6
2025-01-26 08:41:28.800,2374.4563,2373.6
2025-01-26 08:41:28.900,2374.4402,2373.6
2025-01-26 08:41:29.000,2374.4338,2373.8
2025-01-26 08:41:29.100,2374.553,2373.8
2025-01-26 08:41:29.200,2374.5984,2373.8
2025-01-26 08:41:29.300,2374.616,2373.8
2025-01-26 08:41:29.400,2374.6223,2373.7
2025-01-26 08:41:29.500,2374.564,2373.7
2025-01-26 08:41:29.600,2374.5417,2373.633333333333
2025-01-26 08:41:29.700,2374.493,2373.633333333333
2025-01-26 08:41:29.800,2374.4744,2373.633333333333
2025-01-26 08:41:29.900,2374.467,2373.633333333333
2025-01-26 08:41:30.000,2374.4644,2373.633333333333
2025-01-26 08:41:30.100,2374.4636,2373.7
2025-01-26 08:41:30.200,2374.5037,2373.7
2025-01-26 08:41:30.300,2374.5188,2373.55
2025-01-26 08:41:30.400,2374.4333,2373.5
2025-01-26 08:41:30.500,2374.3706,2373.6
2025-01-26 08:41:30.600,2374.4075,2373.5
2025-01-26 08:41:30.700,2374.3606,2373.5
2025-01-26 08:41:30.800,2374.343,2373.766666666667
2025-01-26 08:41:30.900,2374.4983,2373.766666666667
2025-01-26 08:41:31.000,2374.5574,2373.766666666667
2025-01-26 08:41:31.100,2374.5798,2373.766666666667
2025-01-26 08:41:31.200,2374.5881,2373.8
2025-01-26 08:41:31.300,2374.6118,2373.8
2025-01-26 08:41:31.400,2374.6208,2373.8
2025-01-26 08:41:31.500,2374.6243,2373.8
2025-01-26 08:41:31.600,2374.6255,2373.7
2025-01-26 08:41:31.700,2374.5652,2373.7
2025-01-26 08:41:31.800,2374.5422,2373.7
2025-01-26 08:41:31.900,2374.5334,2373.7
2025-01-26 08:41:32.000,2374.53,2373.7
2025-01-26 08:41:32.100,2374.529,2373.7
2025-01-26 08:41:32.200,2374.5286,2373.7
2025-01-26 08:41:32.300,2374.5283,2373.7
2025-01-26 08:41:32.400,2374.528,2373.7
2025-01-26 08:41:32.500,2374.528,2373.7
2025-01-26 08:41:32.600,2374.528,2373.6
2025-01-26 08:41:32.700,2374.4675,2373.6
2025-01-26 08:41:32.800,2374.4446,2373.6
2025-01-26 08:41:32.900,2374.4358,2373.6
2025-01-26 08:41:33.000,2374.4324,2373.7
2025-01-26 08:41:33.100,2374.492,2373.7
2025-01-26 08:41:33.200,2374.5144,2373.7
2025-01-26 08:41:33.300,2374.523,2373.7
2025-01-26 08:41:33.400,2374.5261,2373.9333333333334
2025-01-26 08:41:33.500,2374.6692,2373.8857142857146
2025-01-26 08:41:33.600,2374.6946,2374.1
2025-01-26 08:41:33.700,2374.8347,2374.2
2025-01-26 08:41:33.800,2374.9487,2374.2
2025-01-26 08:41:33.900,2374.992,2374.2
2025-01-26 08:41:34.000,2375.0085,2374.2
2025-01-26 08:41:34.100,2375.015,2374.1
2025-01-26 08:41:34.200,2374.9563,2374.1
2025-01-26 08:41:34.300,2374.9343,2374.1
2025-01-26 08:41:34.400,2374.926,2374.1
2025-01-26 08:41:34.500,2374.9226,2374.0
2025-01-26 08:41:34.600,2374.8606,2373.95
2025-01-26 08:41:34.700,2374.8064,2373.95
2025-01-26 08:41:34.800,2374.786,2373.95
2025-01-26 08:41:34.900,2374.778,2373.7
2025-01-26 08:41:35.000,2374.6233,2373.7
2025-01-26 08:41:35.100,2374.5642,2373.733333333333
2025-01-26 08:41:35.200,2374.5623,2373.95
2025-01-26 08:41:35.300,2374.693,2373.9
2025-01-26 08:41:35.400,2374.7126,2373.9
2025-01-26 08:41:35.500,2374.7197,2374.15
2025-01-26 08:41:35.600,2374.8745,2374.15
2025-01-26 08:41:35.700,2374.9333,2374.15
2025-01-26 08:41:35.800,2374.9558,2374.15
2025-01-26 08:41:35.900,2374.9644,2374.15
2025-01-26 08:41:36.000,2374.9675,2374.15
2025-01-26 08:41:36.100,2374.9688,2374.0
2025-01-26 08:41:36.200,2374.8782,2374.0
2025-01-26 08:41:36.300,2374.8435,2374.0
2025-01-26 08:41:36.400,2374.8306,2374.0
2025-01-26 08:41:36.500,2374.8254,2374.0
2025-01-26 08:41:36.600,2374.8235,2374.0
2025-01-26 08:41:36.700,2374.823,2374.0
2025-01-26 08:41:36.800,2374.8225,2374.0
2025-01-26 08:41:36.900,2374.8225,2374.0
2025-01-26 08:41:37.000,2374.8225,2374.0
2025-01-26 08:41:37.100,2374.8225,2374.0
2025-01-26 08:41:37.200,2374.8225,2374.0
2025-01-26 08:41:37.300,2374.8225,2374.0
2025-01-26 08:41:37.400,2374.8225,2374.0
2025-01-26 08:41:37.500,2374.8225,2374.0
2025-01-26 08:41:37.600,2374.8225,2374.0
2025-01-26 08:41:37.700,2374.8225,2374.0
2025-01-26 08:41:37.800,2374.8225,2374.0
2025-01-26 08:41:37.900,2374.8225,2374.0
2025-01-26 08:41:38.000,2374.8225,2374.2
2025-01-26 08:41:38.100,2374.944,2374.2
2025-01-26 08:41:38.200,2374.99,2374.2
2025-01-26 08:41:38.300,2375.0078,2374.2
2025-01-26 08:41:38.400,2375.0146,2374.2
2025-01-26 08:41:38.500,2375.017,2374.2
2025-01-26 08:41:38.600,2375.018,2374.2
2025-01-26 08:41:38.700,2375.0183,2374.3
2025-01-26 08:41:38.800,2375.0793,2374.3
2025-01-26 08:41:38.900,2375.1023,2374.3
2025-01-26 08:41:39.000,2375.1116,2374.3
2025-01-26 08:41:39.100,2375.1145,2374.4
2025-01-26 08:41:39.200,2375.1765,2374.5
2025-01-26 08:41:39.300,2375.261,2374.5
2025-01-26 08:41:39.400,2375.293,2374.4
2025-01-26 08:41:39.500,2375.2444,2374.4
2025-01-26 08:41:39.600,2375.2258,2374.4
2025-01-26 08:41:39.700,2375.219,2374.4
2025-01-26 08:41:39.800,2375.2163,2374.4
2025-01-26 08:41:39.900,2375.2153,2374.4
2025-01-26 08:41:40.000,2375.215,2374.3
2025-01-26 08:41:40.100,2375.154,2374.3
2025-01-26 08:41:40.200,2375.1309,2374.3
2025-01-26 08:41:40.300,2375.1223,2374.3
2025-01-26 08:41:40.400,2375.119,2374.3
2025-01-26 08:41:40.500,2375.1174,2374.3
2025-01-26 08:41:40.600,2375.117,2374.3
2025-01-26 08:41:40.700,2375.117,2374.3
2025-01-26 08:41:40.800,2375.117,2374.3
2025-01-26 08:41:40.900,2375.117,2374.3
2025-01-26 08:41:41.000,2375.117,2374.3
2025-01-26 08:41:41.100,2375.117,2374.5
2025-01-26 08:41:41.200,2375.2383,2374.5
2025-01-26 08:41:41.300,2375.2844,2374.5
2025-01-26 08:41:41.400,2375.3018,2374.5
2025-01-26 08:41:41.500,2375.3086,2374.45
2025-01-26 08:41:41.600,2375.2808,2374.45
2025-01-26 08:41:41.700,2375.2703,2374.4
2025-01-26 08:41:41.800,2375.2358,2374.266666666667
2025-01-26 08:41:41.900,2375.1418,2374.4333333333334
2025-01-26 08:41:42.000,2375.2073,2374.3
2025-01-26 08:41:42.100,2375.1511,2374.4
2025-01-26 08:41:42.200,2375.1904,2374.4
2025-01-26 08:41:42.300,2375.2056,2374.3
2025-01-26 08:41:42.400,2375.1506,2374.4
2025-01-26 08:41:42.500,2375.1902,2374.4
2025-01-26 08:41:42.600,2375.2053,2374.4
2025-01-26 08:41:42.700,2375.2112,2374.4
2025-01-26 08:41:42.800,2375.2131,2374.4
2025-01-26 08:41:42.900,2375.214,2374.4
2025-01-26 08:41:43.000,2375.2144,2374.4
2025-01-26 08:41:43.100,2375.2146,2374.4
2025-01-26 08:41:43.200,2375.2146,2374.4
2025-01-26 08:41:43.300,2375.2146,2374.4
2025-01-26 08:41:43.400,2375.2146,2374.4
2025-01-26 08:41:43.500,2375.2146,2374.4
2025-01-26 08:41:43.600,2375.2146,2374.4
2025-01-26 08:41:43.700,2375.2146,2374.4
2025-01-26 08:41:43.800,2375.2146,2374.4
2025-01-26 08:41:43.900,2375.2146,2374.4
2025-01-26 08:41:44.000,2375.2146,2374.4
2025-01-26 08:41:44.100,2375.2146,2374.4
2025-01-26 08:41:44.200,2375.2146,2374.4
2025-01-26 08:41:44.300,2375.2146,2374.4
2025-01-26 08:41:44.400,2375.2146,2374.3
2025-01-26 08:41:44.500,2375.154,2374.3
2025-01-26 08:41:44.600,2375.1309,2374.3500000000004
2025-01-26 08:41:44.700,2375.1526,2374.3500000000004
2025-01-26 08:41:44.800,2375.161,2374.3500000000004
2025-01-26 08:41:44.900,2375.1638,2374.3500000000004
2025-01-26 08:41:45.000,2375.165,2374.3500000000004
2025-01-26 08:41:45.100,2375.1658,2374.3500000000004
2025-01-26 08:41:45.200,2375.1658,2374.4
2025-01-26 08:41:45.300,2375.196,2374.4
2025-01-26 08:41:45.400,2375.2075,2374.4
2025-01-26 08:41:45.500,2375.2122,2374.4
2025-01-26 08:41:45.600,2375.2136,2374.4
2025-01-26 08:41:45.700,2375.214,2374.4
2025-01-26 08:41:45.800,2375.2144,2374.4
2025-01-26 08:41:45.900,2375.2146,2374.4
2025-01-26 08:41:46.000,2375.2146,2374.4
2025-01-26 08:41:46.100,2375.2146,2374.4
2025-01-26 08:41:46.200,2375.2146,2374.4
2025-01-26 08:41:46.300,2375.2146,2374.4
2025-01-26 08:41:46.400,2375.2146,2374.45
2025-01-26 08:41:46.500,2375.2449,2374.45
2025-01-26 08:41:46.600,2375.2566,2374.3
2025-01-26 08:41:46.700,2375.17,2374.3
2025-01-26 08:41:46.800,2375.137,2374.3
2025-01-26 08:41:46.900,2375.1243,2374.3
2025-01-26 08:41:47.000,2375.1199,2374.2
2025-01-26 08:41:47.100,2375.057,2374.2
2025-01-26 08:41:47.200,2375.033,2374.2
2025-01-26 08:41:47.300,2375.0242,2374.2
2025-01-26 08:41:47.400,2375.0208,2374.2
2025-01-26 08:41:47.500,2375.0193,2374.2
2025-01-26 08:41:47.600,2375.0188,2374.1
2025-01-26 08:41:47.700,2374.9583,2374.1
2025-01-26 08:41:47.800,2374.9348,2374.1
2025-01-26 08:41:47.900,2374.926,2374.1
2025-01-26 08:41:48.000,2374.9226,2374.1
2025-01-26 08:41:48.100,2374.9216,2374.2
2025-01-26 08:41:48.200,2374.9817,2374.2
2025-01-26 08:41:48.300,2375.0046,2374.2
2025-01-26 08:41:48.400,2375.0134,2374.2
2025-01-26 08:41:48.500,2375.0166,2374.2
2025-01-26 08:41:48.600,2375.0178,2374.1
2025-01-26 08:41:48.700,2374.9575,2374.1
2025-01-26 08:41:48.800,2374.9348,2374.1
2025-01-26 08:41:48.900,2374.926,2374.1
2025-01-26 08:41:49.000,2374.9226,2374.1
2025-01-26 08:41:49.100,2374.9216,2374.1
2025-01-26 08:41:49.200,2374.9211,2374.15
2025-01-26 08:41:49.300,2374.951,2374.15
2025-01-26 08:41:49.400,2374.9624,2374.15
2025-01-26 08:41:49.500,2374.967,2374.15
2025-01-26 08:41:49.600,2374.9685,2374.3
2025-01-26 08:41:49.700,2375.0603,2374.3
2025-01-26 08:41:49.800,2375.0955,2374.3
2025-01-26 08:41:49.900,2375.1086,2374.3
2025-01-26 08:41:50.000,2375.1135,2374.3
2025-01-26 08:41:50.100,2375.1155,2374.3
2025-01-26 08:41:50.200,2375.1165,2374.3
2025-01-26 08:41:50.300,2375.1167,2374.3
2025-01-26 08:41:50.400,2375.1167,2374.45
2025-01-26 08:41:50.500,2375.2078,2374.45
2025-01-26 08:41:50.600,2375.2424,2374.45
2025-01-26 08:41:50.700,2375.2556,2374.45
2025-01-26 08:41:50.800,2375.2605,2374.45
2025-01-26 08:41:50.900,2375.2625,2374.45
2025-01-26 08:41:51.000,2375.2634,2374.6
2025-01-26 08:41:51.100,2375.3547,2374.5
2025-01-26 08:41:51.200,2375.3286,2374.5
2025-01-26 08:41:51.300,2375.3186,2374.5
2025-01-26 08:41:51.400,2375.3152,2374.5
2025-01-26 08:41:51.500,2375.3135,2374.5
2025-01-26 08:41:51.600,2375.313,2374.5
2025-01-26 08:41:51.700,2375.3127,2374.5
2025-01-26 08:41:51.800,2375.3127,2374.6
2025-01-26 08:41:51.900,2375.3733,2374.6
2025-01-26 08:41:52.000,2375.3967,2374.6
2025-01-26 08:41:52.100,2375.4055,2374.75
2025-01-26 08:41:52.200,2375.4998,2374.75
2025-01-26 08:41:52.300,2375.536,2374.925
2025-01-26 08:41:52.400,2375.6558,2374.925
2025-01-26 08:41:52.500,2375.7014,2375.0
2025-01-26 08:41:52.600,2375.7642,2375.0
2025-01-26 08:41:52.700,2375.7878,2375.0
2025-01-26 08:41:52.800,2375.797,2375.0
2025-01-26 08:41:52.900,2375.8005,2375.0
2025-01-26 08:41:53.000,2375.802,2375.0
2025-01-26 08:41:53.100,2375.8025,2375.0
2025-01-26 08:41:53.200,2375.8025,2375.0
2025-01-26 08:41:53.300,2375.8025,2374.9
2025-01-26 08:41:53.400,2375.742,2374.9
2025-01-26 08:41:53.500,2375.7188,2375.0
2025-01-26 08:41:53.600,2375.7708,2375.0
2025-01-26 08:41:53.700,2375.7905,2375.0
2025-01-26 08:41:53.800,2375.798,2375.0
2025-01-26 08:41:53.900,2375.801,2375.0
2025-01-26 08:41:54.000,2375.802,2375.0
2025-01-26 08:41:54.100,2375.8025,2375.0
2025-01-26 08:41:54.200,2375.8025,2375.0
2025-01-26 08:41:54.300,2375.8027,2375.1
2025-01-26 08:41:54.400,2375.8635,2375.1
2025-01-26 08:41:54.500,2375.8865,2375.366666666667
2025-01-26 08:41:54.600,2376.0574,2375.366666666667
2025-01-26 08:41:54.700,2376.1218,2375.25
2025-01-26 08:41:54.800,2376.076,2375.25
2025-01-26 08:41:54.900,2376.0583,2375.15
2025-01-26 08:41:55.000,2375.991,2375.15
2025-01-26 08:41:55.100,2375.965,2375.2
2025-01-26 08:41:55.200,2375.986,2375.2
2025-01-26 08:41:55.300,2375.994,2375.2
2025-01-26 08:41:55.400,2375.9966,2375.333333333333
2025-01-26 08:41:55.500,2376.0786,2375.4
2025-01-26 08:41:55.600,2376.1504,2375.4
2025-01-26 08:41:55.700,2376.1775,2375.4
2025-01-26 08:41:55.800,2376.188,2375.4
2025-01-26 08:41:55.900,2376.1921,2375.4
2025-01-26 08:41:56.000,2376.1934,2375.4
2025-01-26 08:41:56.100,2376.194,2375.4
2025-01-26 08:41:56.200,2376.194,2375.4
2025-01-26 08:41:56.300,2376.1943,2375.4
2025-01-26 08:41:56.400,2376.1943,2375.4
2025-01-26 08:41:56.500,2376.1943,2375.1142857142854
2025-01-26 08:41:56.600,2376.0208,2375.1142857142854
2025-01-26 08:41:56.700,2375.955,2375.1
2025-01-26 08:41:56.800,2375.9211,2375.0
2025-01-26 08:41:56.900,2375.848,2375.0
2025-01-26 08:41:57.000,2375.8198,2375.0
2025-01-26 08:41:57.100,2375.8093,2374.95
2025-01-26 08:41:57.200,2375.7747,2374.95
2025-01-26 08:41:57.300,2375.7617,2375.0
2025-01-26 08:41:57.400,2375.787,2375.0
2025-01-26 08:41:57.500,2375.7966,2375.0
2025-01-26 08:41:57.600,2375.8005,2375.1
2025-01-26 08:41:57.700,2375.8625,2375.1
2025-01-26 08:41:57.800,2375.886,2375.1
2025-01-26 08:41:57.900,2375.8953,2375.1
2025-01-26 08:41:58.000,2375.8987,2375.1
2025-01-26 08:41:58.100,2375.8997,2375.1
2025-01-26 08:41:58.200,2375.9004,2375.1
2025-01-26 08:41:58.300,2375.9006,2375.1
2025-01-26 08:41:58.400,2375.9006,2375.1
2025-01-26 08:41:58.500,2375.9006,2375.2
2025-01-26 08:41:58.600,2375.9612,2375.16
2025-01-26 08:41:58.700,2375.9602,2375.16
2025-01-26 08:41:58.800,2375.9597,2375.16
2025-01-26 08:41:58.900,2375.9592,2375.16
2025-01-26 08:41:59.000,2375.9592,2375.16
2025-01-26 08:41:59.100,2375.9592,2375.16
2025-01-26 08:41:59.200,2375.9592,2375.15
2025-01-26 08:41:59.300,2375.9534,2375.15
2025-01-26 08:41:59.400,2375.951,2375.15
2025-01-26 08:41:59.500,2375.95,2375.15
2025-01-26 08:41:59.600,2375.9497,2375.15
2025-01-26 08:41:59.700,2375.9495,2375.15
2025-01-26 08:41:59.800,2375.9495,2375.15
2025-01-26 08:41:59.900,2375.9495,2375.15
2025-01-26 08:42:00.000,2375.9495,2375.15
2025-01-26 08:42:00.100,2375.9495,2375.15
2025-01-26 08:42:00.200,2375.9495,2375.2
2025-01-26 08:42:00.300,2375.9797,2375.2
2025-01-26 08:42:00.400,2375.9915,2375.2
2025-01-26 08:42:00.500,2375.9958,2375.2
2025-01-26 08:42:00.600,2375.9973,2375.08
2025-01-26 08:42:00.700,2375.9253,2375.0
2025-01-26 08:42:00.800,2375.8494,2375.0
2025-01-26 08:42:00.900,2375.8206,2375.0
2025-01-26 08:42:01.000,2375.8093,2374.9
2025-01-26 08:42:01.100,2375.7444,2374.9
2025-01-26 08:42:01.200,2375.72,2375.0
2025-01-26 08:42:01.300,2375.7712,2375.0
2025-01-26 08:42:01.400,2375.7908,2375.0
2025-01-26 08:42:01.500,2375.798,2375.0
2025-01-26 08:42:01.600,2375.801,2375.1666666666665
2025-01-26 08:42:01.700,2375.9033,2375.1666666666665
2025-01-26 08:42:01.800,2375.9421,2375.1
2025-01-26 08:42:01.900,2375.9163,2375.0
2025-01-26 08:42:02.000,2375.846,2375.0
2025-01-26 08:42:02.100,2375.819,2375.0
2025-01-26 08:42:02.200,2375.8088,2375.0
2025-01-26 08:42:02.300,2375.805,2375.0
2025-01-26 08:42:02.400,2375.8037,2375.0
2025-01-26 08:42:02.500,2375.803,2375.0
2025-01-26 08:42:02.600,2375.803,2375.0
2025-01-26 08:42:02.700,2375.8027,2375.0
2025-01-26 08:42:02.800,2375.8027,2375.0
2025-01-26 08:42:02.900,2375.8027,2375.0
2025-01-26 08:42:03.000,2375.8027,2375.0
2025-01-26 08:42:03.100,2375.8027,2375.0
2025-01-26 08:42:03.200,2375.8027,2375.3
2025-01-26 08:42:03.300,2375.9849,2375.2
2025-01-26 08:42:03.400,2375.9934,2375.2
2025-01-26 08:42:03.500,2375.9963,2375.2
2025-01-26 08:42:03.600,2375.9978,2375.2
2025-01-26 08:42:03.700,2375.9983,2375.2
2025-01-26 08:42:03.800,2375.9983,2375.3
2025-01-26 08:42:03.900,2376.0593,2375.3
2025-01-26 08:42:04.000,2376.0823,2375.3
2025-01-26 08:42:04.100,2376.091,2375.3
2025-01-26 08:42:04.200,2376.0945,2375.4
2025-01-26 08:42:04.300,2376.1565,2375.4
2025-01-26 08:42:04.400,2376.18,2375.4
2025-01-26 08:42:04.500,2376.1887,2375.7
2025-01-26 08:42:04.600,2376.3743,2375.7
2025-01-26 08:42:04.700,2376.445,2375.7
2025-01-26 08:42:04.800,2376.472,2375.8
2025-01-26 08:42:04.900,2376.5427,2375.8
2025-01-26 08:42:05.000,2376.5696,2375.8
2025-01-26 08:42:05.100,2376.5798,2375.8
2025-01-26 08:42:05.200,2376.5837,2375.8
2025-01-26 08:42:05.300,2376.5852,2375.8
2025-01-26 08:42:05.400,2376.5857,2375.8
2025-01-26 08:42:05.500,2376.586,2375.8
2025-01-26 08:42:05.600,2376.586,2375.8
2025-01-26 08:42:05.700,2376.586,2375.8
2025-01-26 08:42:05.800,2376.586,2375.8
2025-01-26 08:42:05.900,2376.586,2375.8
2025-01-26 08:42:06.000,2376.586,2375.8
2025-01-26 08:42:06.100,2376.586,2375.8
2025-01-26 08:42:06.200,2376.586,2375.8
2025-01-26 08:42:06.300,2376.586,2375.8
2025-01-26 08:42:06.400,2376.586,2375.8
2025-01-26 08:42:06.500,2376.586,2375.9625
2025-01-26 08:42:06.600,2376.6843,2375.9625
2025-01-26 08:42:06.700,2376.722,2375.95
2025-01-26 08:42:06.800,2376.7288,2375.95
2025-01-26 08:42:06.900,2376.7312,2375.95
2025-01-26 08:42:07.000,2376.7322,2376.0
2025-01-26 08:42:07.100,2376.763,2376.0
2025-01-26 08:42:07.200,2376.7744,2376.0
2025-01-26 08:42:07.300,2376.779,2376.0
2025-01-26 08:42:07.400,2376.7805,2376.0
2025-01-26 08:42:07.500,2376.7815,2376.0
2025-01-26 08:42:07.600,2376.7815,2376.0
2025-01-26 08:42:07.700,2376.7815,2376.0
2025-01-26 08:42:07.800,2376.7817,2376.0
2025-01-26 08:42:07.900,2376.7817,2376.0
2025-01-26 08:42:08.000,2376.7817,2376.0
2025-01-26 08:42:08.100,2376.7817,2376.0
2025-01-26 08:42:08.200,2376.7817,2376.0
2025-01-26 08:42:08.300,2376.7817,2376.0
2025-01-26 08:42:08.400,2376.7817,2376.0
2025-01-26 08:42:08.500,2376.7817,2376.0
2025-01-26 08:42:08.600,2376.7817,2376.0
2025-01-26 08:42:08.700,2376.7817,2375.9
2025-01-26 08:42:08.800,2376.721,2375.9
2025-01-26 08:42:08.900,2376.698,2375.9
2025-01-26 08:42:09.000,2376.6892,2375.9
2025-01-26 08:42:09.100,2376.6858,2375.9
2025-01-26 08:42:09.200,2376.6843,2375.9
2025-01-26 08:42:09.300,2376.6838,2375.9
2025-01-26 08:42:09.400,2376.6838,2375.9
2025-01-26 08:42:09.500,2376.6838,2375.9
2025-01-26 08:42:09.600,2376.6838,2375.9
2025-01-26 08:42:09.700,2376.6838,2375.9
2025-01-26 08:42:09.800,2376.6838,2375.9
2025-01-26 08:42:09.900,2376.6838,2375.9
2025-01-26 08:42:10.000,2376.6838,2375.9
2025-01-26 08:42:10.100,2376.6838,2375.9
2025-01-26 08:42:10.200,2376.6838,2375.9
2025-01-26 08:42:10.300,2376.6838,2375.833333333333
2025-01-26 08:42:10.400,2376.6433,2375.833333333333
2025-01-26 08:42:10.500,2376.6277,2375.833333333333
2025-01-26 08:42:10.600,2376.622,2375.833333333333
2025-01-26 08:42:10.700,2376.6199,2375.833333333333
2025-01-26 08:42:10.800,2376.619,2375.833333333333
2025-01-26 08:42:10.900,2376.6184,2375.833333333333
2025-01-26 08:42:11.000,2376.6184,2375.833333333333
2025-01-26 08:42:11.100,2376.6184,2375.833333333333
2025-01-26 08:42:11.200,2376.6184,2375.9
2025-01-26 08:42:11.300,2376.659,2375.9
2025-01-26 08:42:11.400,2376.674,2375.9
2025-01-26 08:42:11.500,2376.68,2375.9
2025-01-26 08:42:11.600,2376.6824,2375.9
2025-01-26 08:42:11.700,2376.683,2375.9
2025-01-26 08:42:11.800,2376.6833,2375.9
2025-01-26 08:42:11.900,2376.6833,2375.9
2025-01-26 08:42:12.000,2376.6838,2375.9
2025-01-26 08:42:12.100,2376.6838,2375.9
2025-01-26 08:42:12.200,2376.6838,2375.9
2025-01-26 08:42:12.300,2376.6838,2375.9
2025-01-26 08:42:12.400,2376.6838,2376.0
2025-01-26 08:42:12.500,2376.7444,2376.1
2025-01-26 08:42:12.600,2376.8284,2376.1
2025-01-26 08:42:12.700,2376.86,2376.4865384615387
2025-01-26 08:42:12.800,2377.1067,2376.633333333333
2025-01-26 08:42:12.900,2377.2893,2376.5666666666666
2025-01-26 08:42:13.000,2377.318,2376.5666666666666
2025-01-26 08:42:13.100,2377.329,2376.766666666667
2025-01-26 08:42:13.200,2377.4543,2376.8250000000003
2025-01-26 08:42:13.300,2377.5378,2376.8250000000003
2025-01-26 08:42:13.400,2377.569,2376.7
2025-01-26 08:42:13.500,2377.5054,2376.8
2025-01-26 08:42:13.600,2377.5417,2376.8
2025-01-26 08:42:13.700,2377.5557,2376.8
2025-01-26 08:42:13.800,2377.5608,2376.8
2025-01-26 08:42:13.900,2377.5627,2376.428571428572
2025-01-26 08:42:14.000,2377.3381,2376.4
2025-01-26 08:42:14.100,2377.2356,2376.4
2025-01-26 08:42:14.200,2377.1965,2376.3
2025-01-26 08:42:14.300,2377.1213,2376.366666666667
2025-01-26 08:42:14.400,2377.133,2376.2000000000003
2025-01-26 08:42:14.500,2377.0366,2376.2
2025-01-26 08:42:14.600,2376.9998,2376.2
2025-01-26 08:42:14.700,2376.9858,2376.2
2025-01-26 08:42:14.800,2376.9805,2376.3500000000004
2025-01-26 08:42:14.900,2377.0696,2376.3500000000004
2025-01-26 08:42:15.000,2377.1033,2376.3
2025-01-26 08:42:15.100,2377.0857,2376.2
2025-01-26 08:42:15.200,2377.0188,2376.2
2025-01-26 08:42:15.300,2376.993,2376.2
2025-01-26 08:42:15.400,2376.9832,2376.2
2025-01-26 08:42:15.500,2376.9797,2376.2
2025-01-26 08:42:15.600,2376.9783,2376.2
2025-01-26 08:42:15.700,2376.9778,2376.1
2025-01-26 08:42:15.800,2376.9167,2376.3
2025-01-26 08:42:15.900,2377.0151,2376.3
2025-01-26 08:42:16.000,2377.0525,2376.3
2025-01-26 08:42:16.100,2377.0667,2376.3
2025-01-26 08:42:16.200,2377.072,2376.45
2025-01-26 08:42:16.300,2377.1648,2376.45
2025-01-26 08:42:16.400,2377.2,2376.3
2025-01-26 08:42:16.500,2377.1228,2376.3
2025-01-26 08:42:16.600,2377.093,2376.3
2025-01-26 08:42:16.700,2377.082,2376.3
2025-01-26 08:42:16.800,2377.078,2376.3
2025-01-26 08:42:16.900,2377.0764,2376.3
2025-01-26 08:42:17.000,2377.0754,2376.3
2025-01-26 08:42:17.100,2377.0754,2376.3
2025-01-26 08:42:17.200,2377.0752,2376.4
2025-01-26 08:42:17.300,2377.136,2376.4
2025-01-26 08:42:17.400,2377.159,2376.4
2025-01-26 08:42:17.500,2377.1677,2376.5
2025-01-26 08:42:17.600,2377.2317,2376.628571428571
2025-01-26 08:42:17.700,2377.3337,2376.55
2025-01-26 08:42:17.800,2377.3252,2376.55
2025-01-26 08:42:17.900,2377.3215,2376.55
2025-01-26 08:42:18.000,2377.3206,2376.55
2025-01-26 08:42:18.100,2377.32,2376.55
2025-01-26 08:42:18.200,2377.3196,2376.55
2025-01-26 08:42:18.300,2377.3196,2376.55
2025-01-26 08:42:18.400,2377.3196,2376.5
2025-01-26 08:42:18.500,2377.2893,2376.5
2025-01-26 08:42:18.600,2377.2776,2376.5
2025-01-26 08:42:18.700,2377.2732,2376.7
2025-01-26 08:42:18.800,2377.393,2376.7
2025-01-26 08:42:18.900,2377.4385,2376.7
2025-01-26 08:42:19.000,2377.4558,2376.65
2025-01-26 08:42:19.100,2377.432,2376.5
2025-01-26 08:42:19.200,2377.332,2376.5
2025-01-26 08:42:19.300,2377.294,2376.5
2025-01-26 08:42:19.400,2377.2795,2376.5
2025-01-26 08:42:19.500,2377.2742,2376.5
2025-01-26 08:42:19.600,2377.272,2376.55
2025-01-26 08:42:19.700,2377.3015,2376.6
2025-01-26 08:42:19.800,2377.343,2376.5
2025-01-26 08:42:19.900,2377.298,2376.5
2025-01-26 08:42:20.000,2377.281,2376.5
2025-01-26 08:42:20.100,2377.2747,2376.5
2025-01-26 08:42:20.200,2377.2722,2376.5
2025-01-26 08:42:20.300,2377.2712,2376.5
2025-01-26 08:42:20.400,2377.2708,2376.5
2025-01-26 08:42:20.500,2377.2708,2376.5
2025-01-26 08:42:20.600,2377.2708,2376.4
2025-01-26 08:42:20.700,2377.2102,2376.4
2025-01-26 08:42:20.800,2377.187,2376.5
2025-01-26 08:42:20.900,2377.239,2376.5
2025-01-26 08:42:21.000,2377.2585,2376.5
2025-01-26 08:42:21.100,2377.2659,2376.5
2025-01-26 08:42:21.200,2377.269,2376.5
2025-01-26 08:42:21.300,2377.27,2376.5
2025-01-26 08:42:21.400,2377.2703,2376.5
2025-01-26 08:42:21.500,2377.2708,2376.5
2025-01-26 08:42:21.600,2377.2708,2376.5
2025-01-26 08:42:21.700,2377.2708,2376.3
2025-01-26 08:42:21.800,2377.1497,2376.3
2025-01-26 08:42:21.900,2377.1033,2376.3
2025-01-26 08:42:22.000,2377.0862,2376.2
2025-01-26 08:42:22.100,2377.0188,2376.25
2025-01-26 08:42:22.200,2377.0232,2376.25
2025-01-26 08:42:22.300,2377.0251,2376.25
2025-01-26 08:42:22.400,2377.026,2376.25
2025-01-26 08:42:22.500,2377.0261,2376.4
2025-01-26 08:42:22.600,2377.117,2376.4
2025-01-26 08:42:22.700,2377.1519,2376.4
2025-01-26 08:42:22.800,2377.1648,2376.4
2025-01-26 08:42:22.900,2377.1697,2376.4
2025-01-26 08:42:23.000,2377.1716,2376.4
2025-01-26 08:42:23.100,2377.1726,2376.4
2025-01-26 08:42:23.200,2377.1726,2376.2
2025-01-26 08:42:23.300,2377.0515,2376.4
2025-01-26 08:42:23.400,2377.1267,2376.4
2025-01-26 08:42:23.500,2377.1555,2376.4
2025-01-26 08:42:23.600,2377.1663,2376.5
2025-01-26 08:42:23.700,2377.2312,2376.5
2025-01-26 08:42:23.800,2377.2556,2376.5
2025-01-26 08:42:23.900,2377.265,2376.4
2025-01-26 08:42:24.000,2377.208,2376.4
2025-01-26 08:42:24.100,2377.1863,2376.4
2025-01-26 08:42:24.200,2377.178,2376.4
2025-01-26 08:42:24.300,2377.1748,2376.4
2025-01-26 08:42:24.400,2377.1736,2376.4
2025-01-26 08:42:24.500,2377.173,2376.4
2025-01-26 08:42:24.600,2377.173,2376.6
2025-01-26 08:42:24.700,2377.2944,2376.675
2025-01-26 08:42:24.800,2377.386,2376.675
2025-01-26 08:42:24.900,2377.4207,2376.675
2025-01-26 08:42:25.000,2377.4338,2376.675
2025-01-26 08:42:25.100,2377.4387,2376.6
2025-01-26 08:42:25.200,2377.3953,2376.6
2025-01-26 08:42:25.300,2377.3787,2376.6
2025-01-26 08:42:25.400,2377.3723,2376.7
2025-01-26 08:42:25.500,2377.4304,2376.7
2025-01-26 08:42:25.600,2377.453,2376.65
2025-01-26 08:42:25.700,2377.431,2376.65
2025-01-26 08:42:25.800,2377.4224,2376.65
2025-01-26 08:42:25.900,2377.4192,2376.65
2025-01-26 08:42:26.000,2377.418,2376.65
2025-01-26 08:42:26.100,2377.4175,2376.65
2025-01-26 08:42:26.200,2377.4172,2376.65
2025-01-26 08:42:26.300,2377.4172,2376.7000000000003
2025-01-26 08:42:26.400,2377.4475,2376.8
2025-01-26 08:42:26.500,2377.5198,2376.8
2025-01-26 08:42:26.600,2377.5476,2376.8
2025-01-26 08:42:26.700,2377.5579,2376.8
2025-01-26 08:42:26.800,2377.5618,2376.8
2025-01-26 08:42:26.900,2377.5632,2376.8
2025-01-26 08:42:27.000,2377.5637,2376.8
2025-01-26 08:42:27.100,2377.564,2376.8
2025-01-26 08:42:27.200,2377.5642,2376.8
2025-01-26 08:42:27.300,2377.5642,2376.8
2025-01-26 08:42:27.400,2377.5642,2376.8
2025-01-26 08:42:27.500,2377.5642,2376.9
2025-01-26 08:42:27.600,2377.6248,2376.9
2025-01-26 08:42:27.700,2377.6477,2376.9
2025-01-26 08:42:27.800,2377.6565,2376.9666666666667
2025-01-26 08:42:27.900,2377.7,2377.0333333333333
2025-01-26 08:42:28.000,2377.757,2377.0
2025-01-26 08:42:28.100,2377.7585,2377.1
2025-01-26 08:42:28.200,2377.8198,2377.1
2025-01-26 08:42:28.300,2377.843,2377.2
2025-01-26 08:42:28.400,2377.9124,2377.2
2025-01-26 08:42:28.500,2377.9387,2377.2
2025-01-26 08:42:28.600,2377.9487,2377.2
2025-01-26 08:42:28.700,2377.9524,2377.26
2025-01-26 08:42:28.800,2377.9905,2377.3
2025-01-26 08:42:28.900,2378.029,2377.4
2025-01-26 08:42:29.000,2378.1042,2377.4
2025-01-26 08:42:29.100,2378.1328,2377.4666666666667
2025-01-26 08:42:29.200,2378.1838,2377.2
2025-01-26 08:42:29.300,2378.0417,2377.2
2025-01-26 08:42:29.400,2377.9878,2377.2
2025-01-26 08:42:29.500,2377.9673,2377.4
2025-01-26 08:42:29.600,2378.0808,2377.4
2025-01-26 08:42:29.700,2378.1238,2377.6071428571427
2025-01-26 08:42:29.800,2378.2659,2377.7
2025-01-26 08:42:29.900,2378.376,2377.8
2025-01-26 08:42:30.000,2378.4783,2377.8
2025-01-26 08:42:30.100,2378.517,2377.8
2025-01-26 08:42:30.200,2378.532,2377.8
2025-01-26 08:42:30.300,2378.5376,2377.9666666666667
2025-01-26 08:42:30.400,2378.6406,2377.9666666666667
2025-01-26 08:42:30.500,2378.6794,2377.9666666666667
2025-01-26 08:42:30.600,2378.6946,2377.9666666666667
2025-01-26 08:42:30.700,2378.7,2377.9666666666667
2025-01-26 08:42:30.800,2378.7021,2378.0
2025-01-26 08:42:30.900,2378.7231,2378.0
2025-01-26 08:42:31.000,2378.7312,2378.0
2025-01-26 08:42:31.100,2378.7344,2377.86
2025-01-26 08:42:31.200,2378.6506,2377.86
2025-01-26 08:42:31.300,2378.619,2377.7
2025-01-26 08:42:31.400,2378.51,2377.766666666667
2025-01-26 08:42:31.500,2378.509,2377.766666666667
2025-01-26 08:42:31.600,2378.5085,2377.8
2025-01-26 08:42:31.700,2378.5286,2377.8
2025-01-26 08:42:31.800,2378.5364,2378.072727272727
2025-01-26 08:42:31.900,2378.7043,2378.072727272727
2025-01-26 08:42:32.000,2378.7683,2378.072727272727
2025-01-26 08:42:32.100,2378.7925,2378.2
2025-01-26 08:42:32.200,2378.8787,2378.1
2025-01-26 08:42:32.300,2378.8508,2378.2
2025-01-26 08:42:32.400,2378.9006,2378.3
2025-01-26 08:42:32.500,2378.9802,2378.1
2025-01-26 08:42:32.600,2378.8894,2378.233333333333
2025-01-26 08:42:32.700,2378.9358,2378.233333333333
2025-01-26 08:42:32.800,2378.953,2378.1
2025-01-26 08:42:32.900,2378.8792,2378.25
2025-01-26 08:42:33.000,2378.9417,2378.2
2025-01-26 08:42:33.100,2378.9353,2378.2
2025-01-26 08:42:33.200,2378.9326,2378.4
2025-01-26 08:42:33.300,2379.053,2378.25
2025-01-26 08:42:33.400,2379.0076,2378.25
2025-01-26 08:42:33.500,2378.9907,2378.4
2025-01-26 08:42:33.600,2379.075,2378.4
2025-01-26 08:42:33.700,2379.1067,2378.45
2025-01-26 08:42:33.800,2379.1492,2378.45
2025-01-26 08:42:33.900,2379.1653,2378.45
2025-01-26 08:42:34.000,2379.1716,2378.3
2025-01-26 08:42:34.100,2379.083,2378.3
2025-01-26 08:42:34.200,2379.0496,2378.25
2025-01-26 08:42:34.300,2379.0066,2378.45
2025-01-26 08:42:34.400,2379.111,2378.4333333333334
2025-01-26 08:42:34.500,2379.1409,2378.42
2025-01-26 08:42:34.600,2379.144,2378.3
2025-01-26 08:42:34.700,2379.0725,2378.2
2025-01-26 08:42:34.800,2378.9849,2378.2
2025-01-26 08:42:34.900,2378.9517,2378.2
2025-01-26 08:42:35.000,2378.939,2378.4
2025-01-26 08:42:35.100,2379.0552,2378.35
2025-01-26 08:42:35.200,2379.069,2378.4
2025-01-26 08:42:35.300,2379.1047,2378.4
2025-01-26 08:42:35.400,2379.118,2378.4
2025-01-26 08:42:35.500,2379.1233,2378.4
2025-01-26 08:42:35.600,2379.1252,2378.4
2025-01-26 08:42:35.700,2379.1257,2378.15
2025-01-26 08:42:35.800,2378.9749,2378.15
2025-01-26 08:42:35.900,2378.9175,2378.3
2025-01-26 08:42:36.000,2378.9866,2378.3
2025-01-26 08:42:36.100,2379.013,2378.3
2025-01-26 08:42:36.200,2379.0227,2378.3
2025-01-26 08:42:36.300,2379.0266,2378.42
2025-01-26 08:42:36.400,2379.1008,2378.375
2025-01-26 08:42:36.500,2379.1013,2378.375
2025-01-26 08:42:36.600,2379.1018,2378.3
2025-01-26 08:42:36.700,2379.0566,2378.2
2025-01-26 08:42:36.800,2378.9788,2378.2
2025-01-26 08:42:36.900,2378.9495,2378.2
2025-01-26 08:42:37.000,2378.9382,2378.1
2025-01-26 08:42:37.100,2378.8733,2378.2
2025-01-26 08:42:37.200,2378.9094,2378.2
2025-01-26 08:42:37.300,2378.923,2378.266666666667
2025-01-26 08:42:37.400,2378.9685,2378.1
2025-01-26 08:42:37.500,2378.885,2378.2
2025-01-26 08:42:37.600,2378.9136,2378.3
2025-01-26 08:42:37.700,2378.985,2378.2
2025-01-26 08:42:37.800,2378.9517,2378.2
2025-01-26 08:42:37.900,2378.939,2378.2
2025-01-26 08:42:38.000,2378.934,2378.2
2025-01-26 08:42:38.100,2378.9324,2378.1
2025-01-26 08:42:38.200,2378.871,2378.3
2025-01-26 08:42:38.300,2378.9692,2378.3
2025-01-26 08:42:38.400,2379.006,2378.3
2025-01-26 08:42:38.500,2379.0203,2378.3
2025-01-26 08:42:38.600,2379.0256,2378.3
2025-01-26 08:42:38.700,2379.0276,2378.3
2025-01-26 08:42:38.800,2379.0286,2378.3
2025-01-26 08:42:38.900,2379.0288,2377.8
2025-01-26 08:42:39.000,2378.7258,2377.8
2025-01-26 08:42:39.100,2378.611,2377.9
2025-01-26 08:42:39.200,2378.6282,2377.9
2025-01-26 08:42:39.300,2378.6345,2377.9
2025-01-26 08:42:39.400,2378.637,2377.9
2025-01-26 08:42:39.500,2378.6377,2377.9
2025-01-26 08:42:39.600,2378.638,2378.1
2025-01-26 08:42:39.700,2378.7595,2378.2000000000003
2025-01-26 08:42:39.800,2378.8662,2378.2000000000003
2025-01-26 08:42:39.900,2378.9065,2378.2
2025-01-26 08:42:40.000,2378.922,2378.2
2025-01-26 08:42:40.100,2378.9277,2378.2
2025-01-26 08:42:40.200,2378.93,2378.3
2025-01-26 08:42:40.300,2378.9915,2378.3
2025-01-26 08:42:40.400,2379.0146,2378.4333333333334
2025-01-26 08:42:40.500,2379.1042,2378.4333333333334
2025-01-26 08:42:40.600,2379.138,2378.4333333333334
2025-01-26 08:42:40.700,2379.1511,2378.4333333333334
2025-01-26 08:42:40.800,2379.156,2378.4333333333334
2025-01-26 08:42:40.900,2379.158,2378.5
2025-01-26 08:42:41.000,2379.199,2378.779310344828
2025-01-26 08:42:41.100,2379.3835,2378.475
2025-01-26 08:42:41.200,2379.2693,2378.6
2025-01-26 08:42:41.300,2379.302,2378.5
2025-01-26 08:42:41.400,2379.2534,2378.65
2025-01-26 08:42:41.500,2379.326,2378.5
2025-01-26 08:42:41.600,2379.2625,2378.4
2025-01-26 08:42:41.700,2379.178,2378.4
2025-01-26 08:42:41.800,2379.1458,2378.4
2025-01-26 08:42:41.900,2379.1335,2378.4
2025-01-26 08:42:42.000,2379.1292,2378.4
2025-01-26 08:42:42.100,2379.1272,2378.55
2025-01-26 08:42:42.200,2379.2175,2378.55
2025-01-26 08:42:42.300,2379.2517,2378.55
2025-01-26 08:42:42.400,2379.265,2378.55
2025-01-26 08:42:42.500,2379.2698,2378.55
2025-01-26 08:42:42.600,2379.2717,2378.675
2025-01-26 08:42:42.700,2379.348,2378.6
2025-01-26 08:42:42.800,2379.3318,2378.6
2025-01-26 08:42:42.900,2379.3254,2378.6
2025-01-26 08:42:43.000,2379.323,2378.7
2025-01-26 08:42:43.100,2379.3826,2378.7
2025-01-26 08:42:43.200,2379.4053,2378.7
2025-01-26 08:42:43.300,2379.4138,2378.833333333333
2025-01-26 08:42:43.400,2379.4978,2378.8
2025-01-26 08:42:43.500,2379.5095,2378.9666666666667
2025-01-26 08:42:43.600,2379.6147,2379.1
2025-01-26 08:42:43.700,2379.7356,2379.15
2025-01-26 08:42:43.800,2379.8113,2379.15
2025-01-26 08:42:43.900,2379.84,2379.15
2025-01-26 08:42:44.000,2379.8508,2378.96
2025-01-26 08:42:44.100,2379.74,2378.96
2025-01-26 08:42:44.200,2379.698,2378.9
2025-01-26 08:42:44.300,2379.6458,2378.8
2025-01-26 08:42:44.400,2379.5657,2378.8
2025-01-26 08:42:44.500,2379.5352,2378.8
2025-01-26 08:42:44.600,2379.5237,2378.8
2025-01-26 08:42:44.700,2379.5193,2378.9
2025-01-26 08:42:44.800,2379.5781,2378.7
2025-01-26 08:42:44.900,2379.4792,2378.7
2025-01-26 08:42:45.000,2379.442,2378.7
2025-01-26 08:42:45.100,2379.4277,2378.7
2025-01-26 08:42:45.200,2379.422,2378.5333333333333
2025-01-26 08:42:45.300,2379.3196,2378.5333333333333
2025-01-26 08:42:45.400,2379.2803,2378.5333333333333
2025-01-26 08:42:45.500,2379.2656,2378.5333333333333
2025-01-26 08:42:45.600,2379.26,2378.4
2025-01-26 08:42:45.700,2379.177,2378.4
2025-01-26 08:42:45.800,2379.1458,2378.4
2025-01-26 08:42:45.900,2379.1335,2378.3
2025-01-26 08:42:46.000,2379.0686,2378.3
2025-01-26 08:42:46.100,2379.0437,2378.2
2025-01-26 08:42:46.200,2378.9739,2378.2
2025-01-26 08:42:46.300,2378.9475,2378.4
2025-01-26 08:42:46.400,2379.0586,2378.2
2025-01-26 08:42:46.500,2378.9795,2378.2
2025-01-26 08:42:46.600,2378.9495,2378.2
2025-01-26 08:42:46.700,2378.9382,2378.5
2025-01-26 08:42:46.800,2379.1157,2378.5
2025-01-26 08:42:46.900,2379.1829,2378.5
2025-01-26 08:42:47.000,2379.2083,2378.5
2025-01-26 08:42:47.100,2379.218,2378.24
2025-01-26 08:42:47.200,2379.0642,2378.24
2025-01-26 08:42:47.300,2379.0059,2378.24
2025-01-26 08:42:47.400,2378.984,2378.24
2025-01-26 08:42:47.500,2378.9753,2378.24
2025-01-26 08:42:47.600,2378.9722,2378.2
2025-01-26 08:42:47.700,2378.947,2378.2
2025-01-26 08:42:47.800,2378.9373,2378.1
2025-01-26 08:42:47.900,2378.873,2378.2166666666667
2025-01-26 08:42:48.000,2378.9192,2378.2166666666667
2025-01-26 08:42:48.100,2378.9368,2378.2166666666667
2025-01-26 08:42:48.200,2378.9436,2378.3
2025-01-26 08:42:48.300,2378.9963,2378.3
2025-01-26 08:42:48.400,2379.0166,2378.3
2025-01-26 08:42:48.500,2379.0242,2378.5
2025-01-26 08:42:48.600,2379.1482,2378.5
2025-01-26 08:42:48.700,2379.1953,2378.5
2025-01-26 08:42:48.800,2379.2131,2378.266666666667
2025-01-26 08:42:48.900,2379.0786,2378.266666666667
2025-01-26 08:42:49.000,2379.0276,2378.2
2025-01-26 08:42:49.100,2378.9675,2378.0
2025-01-26 08:42:49.200,2378.824,2378.0
2025-01-26 08:42:49.300,2378.7693,2378.0
2025-01-26 08:42:49.400,2378.7488,2378.0
2025-01-26 08:42:49.500,2378.741,2378.0666666666666
2025-01-26 08:42:49.600,2378.7786,2378.0666666666666
2025-01-26 08:42:49.700,2378.7925,2378.085714285714
2025-01-26 08:42:49.800,2378.8093,2378.1
2025-01-26 08:42:49.900,2378.8245,2378.1
2025-01-26 08:42:50.000,2378.8303,2378.1
2025-01-26 08:42:50.100,2378.8325,2378.1
2025-01-26 08:42:50.200,2378.8333,2378.1
2025-01-26 08:42:50.300,2378.8337,2377.9
2025-01-26 08:42:50.400,2378.7126,2377.9
2025-01-26 08:42:50.500,2378.6665,2377.8
2025-01-26 08:42:50.600,2378.5886,2377.8
2025-01-26 08:42:50.700,2378.5588,2377.8
2025-01-26 08:42:50.800,2378.5479,2377.8
2025-01-26 08:42:50.900,2378.5435,2377.8
2025-01-26 08:42:51.000,2378.5417,2377.9
2025-01-26 08:42:51.100,2378.6018,2377.9
2025-01-26 08:42:51.200,2378.6245,2377.9
2025-01-26 08:42:51.300,2378.633,2377.9
2025-01-26 08:42:51.400,2378.6365,2377.8
2025-01-26 08:42:51.500,2378.5774,2377.8
2025-01-26 08:42:51.600,2378.5547,2378.0
2025-01-26 08:42:51.700,2378.6672,2378.0
2025-01-26 08:42:51.800,2378.71,2378.0
2025-01-26 08:42:51.900,2378.7263,2377.9
2025-01-26 08:42:52.000,2378.6716,2377.9
2025-01-26 08:42:52.100,2378.6511,2377.8
2025-01-26 08:42:52.200,2378.5828,2377.8
2025-01-26 08:42:52.300,2378.557,2377.9
2025-01-26 08:42:52.400,2378.6074,2377.9
2025-01-26 08:42:52.500,2378.6267,2377.9
2025-01-26 08:42:52.600,2378.634,2377.9
2025-01-26 08:42:52.700,2378.6367,2377.9
2025-01-26 08:42:52.800,2378.6377,2377.9
2025-01-26 08:42:52.900,2378.638,2377.9
2025-01-26 08:42:53.000,2378.6384,2377.9
2025-01-26 08:42:53.100,2378.6384,2377.9
2025-01-26 08:42:53.200,2378.6384,2378.15
2025-01-26 08:42:53.300,2378.79,2378.15
2025-01-26 08:42:53.400,2378.8474,2378.15
2025-01-26 08:42:53.500,2378.8691,2378.2
2025-01-26 08:42:53.600,2378.9077,2378.2
2025-01-26 08:42:53.700,2378.922,2378.2
2025-01-26 08:42:53.800,2378.928,2378.2
2025-01-26 08:42:53.900,2378.93,2378.3
2025-01-26 08:42:54.000,2378.9915,2378.3
2025-01-26 08:42:54.100,2379.0146,2378.1
2025-01-26 08:42:54.200,2378.9023,2378.1
2025-01-26 08:42:54.300,2378.8599,2378.1
2025-01-26 08:42:54.400,2378.8435,2378.05
2025-01-26 08:42:54.500,2378.8074,2378.05
2025-01-26 08:42:54.600,2378.7935,2378.2
2025-01-26 08:42:54.700,2378.8792,2378.2
2025-01-26 08:42:54.800,2378.9114,2378.2
2025-01-26 08:42:54.900,2378.9236,2378.2
2025-01-26 08:42:55.000,2378.9285,2378.0
2025-01-26 08:42:55.100,2378.8093,2378.0
2025-01-26 08:42:55.200,2378.764,2378.0
2025-01-26 08:42:55.300,2378.7466,2378.1666666666665
2025-01-26 08:42:55.400,2378.841,2378.1666666666665
2025-01-26 08:42:55.500,2378.877,2378.1666666666665
2025-01-26 08:42:55.600,2378.8909,2378.1666666666665
2025-01-26 08:42:55.700,2378.8958,2378.1666666666665
2025-01-26 08:42:55.800,2378.8977,2378.1666666666665
2025-01-26 08:42:55.900,2378.8984,2378.2
2025-01-26 08:42:56.000,2378.9187,2378.2
2025-01-26 08:42:56.100,2378.9265,2378.2
2025-01-26 08:42:56.200,2378.9294,2378.2
2025-01-26 08:42:56.300,2378.9304,2378.2
2025-01-26 08:42:56.400,2378.931,2378.2
2025-01-26 08:42:56.500,2378.9314,2378.3
2025-01-26 08:42:56.600,2378.992,2378.3
2025-01-26 08:42:56.700,2379.015,2378.1
2025-01-26 08:42:56.800,2378.9026,2378.1
2025-01-26 08:42:56.900,2378.86,2378.1
2025-01-26 08:42:57.000,2378.8435,2378.1
2025-01-26 08:42:57.100,2378.8376,2378.0
2025-01-26 08:42:57.200,2378.7747,2378.0
2025-01-26 08:42:57.300,2378.7507,2378.0
2025-01-26 08:42:57.400,2378.7417,2378.0
2025-01-26 08:42:57.500,2378.7383,2378.0
2025-01-26 08:42:57.600,2378.737,2378.0
2025-01-26 08:42:57.700,2378.7366,2378.0
2025-01-26 08:42:57.800,2378.7363,2378.0
2025-01-26 08:42:57.900,2378.736,2378.0
2025-01-26 08:42:58.000,2378.736,2377.75
2025-01-26 08:42:58.100,2378.5847,2377.68
2025-01-26 08:42:58.200,2378.4846,2377.68
2025-01-26 08:42:58.300,2378.4468,2377.68
2025-01-26 08:42:58.400,2378.4324,2377.68
2025-01-26 08:42:58.500,2378.427,2377.86
2025-01-26 08:42:58.600,2378.5342,2378.133333333333
2025-01-26 08:42:58.700,2378.7402,2378.133333333333
2025-01-26 08:42:58.800,2378.8186,2378.133333333333
2025-01-26 08:42:58.900,2378.8481,2378.133333333333
2025-01-26 08:42:59.000,2378.8596,2378.1
2025-01-26 08:42:59.100,2378.8435,2378.1
2025-01-26 08:42:59.200,2378.8376,2378.2
2025-01-26 08:42:59.300,2378.8958,2378.3
2025-01-26 08:42:59.400,2378.9783,2378.2
2025-01-26 08:42:59.500,2378.9492,2378.2
2025-01-26 08:42:59.600,2378.9382,2378.2
2025-01-26 08:42:59.700,2378.9338,2378.2
2025-01-26 08:42:59.800,2378.9324,2378.2
2025-01-26 08:42:59.900,2378.9316,2378.15
2025-01-26 08:43:00.000,2378.9011,2378.15
2025-01-26 08:43:00.100,2378.8894,2378.15
2025-01-26 08:43:00.200,2378.885,2378.15
2025-01-26 08:43:00.300,2378.8835,2377.9
2025-01-26 08:43:00.400,2378.7312,2377.9
2025-01-26 08:43:00.500,2378.6736,2377.9
2025-01-26 08:43:00.600,2378.6516,2377.9
2025-01-26 08:43:00.700,2378.6436,2377.9
2025-01-26 08:43:00.800,2378.6404,2378.1666666666665
2025-01-26 08:43:00.900,2378.801,2378.1666666666665
2025-01-26 08:43:01.000,2378.8616,2378.1666666666665
2025-01-26 08:43:01.100,2378.885,2378.1666666666665
2025-01-26 08:43:01.200,2378.8936,2378.1
2025-01-26 08:43:01.300,2378.8567,2378.1
2025-01-26 08:43:01.400,2378.8425,2378.1
2025-01-26 08:43:01.500,2378.8372,2378.1
2025-01-26 08:43:01.600,2378.835,2378.1
2025-01-26 08:43:01.700,2378.8342,2378.1
2025-01-26 08:43:01.800,2378.834,2378.1
2025-01-26 08:43:01.900,2378.834,2378.1
2025-01-26 08:43:02.000,2378.834,2378.15
2025-01-26 08:43:02.100,2378.864,2378.2
2025-01-26 08:43:02.200,2378.9058,2378.2
2025-01-26 08:43:02.300,2378.9216,2378.2
2025-01-26 08:43:02.400,2378.9275,2378.2
2025-01-26 08:43:02.500,2378.93,2378.2
2025-01-26 08:43:02.600,2378.9307,2378.2
2025-01-26 08:43:02.700,2378.931,2378.2
2025-01-26 08:43:02.800,2378.9314,2378.2
2025-01-26 08:43:02.900,2378.9314,2378.2
2025-01-26 08:43:03.000,2378.9314,2378.2
2025-01-26 08:43:03.100,2378.9314,2378.2
2025-01-26 08:43:03.200,2378.9314,2378.2
2025-01-26 08:43:03.300,2378.9314,2378.2
2025-01-26 08:43:03.400,2378.9314,2378.2
2025-01-26 08:43:03.500,2378.9314,2378.2
2025-01-26 08:43:03.600,2378.9314,2378.2
2025-01-26 08:43:03.700,2378.9314,2378.2
2025-01-26 08:43:03.800,2378.9314,2378.2
2025-01-26 08:43:03.900,2378.9314,2378.4
2025-01-26 08:43:04.000,2379.0522,2378.4
2025-01-26 08:43:04.100,2379.0984,2378.4
2025-01-26 08:43:04.200,2379.1157,2378.4
2025-01-26 08:43:04.300,2379.1223,2378.4
2025-01-26 08:43:04.400,2379.1248,2378.4
2025-01-26 08:43:04.500,2379.1257,2378.4
2025-01-26 08:43:04.600,2379.1262,2378.3
2025-01-26 08:43:04.700,2379.0657,2378.3
2025-01-26 08:43:04.800,2379.0427,2378.2
2025-01-26 08:43:04.900,2378.9736,2378.2
2025-01-26 08:43:05.000,2378.9475,2378.2
2025-01-26 08:43:05.100,2378.9373,2378.2
2025-01-26 08:43:05.200,2378.9336,2378.2
2025-01-26 08:43:05.300,2378.9321,2378.2
2025-01-26 08:43:05.400,2378.9316,2378.2
2025-01-26 08:43:05.500,2378.9314,2378.2
2025-01-26 08:43:05.600,2378.9314,2378.2
2025-01-26 08:43:05.700,2378.9314,2378.2
2025-01-26 08:43:05.800,2378.9314,2378.2
2025-01-26 08:43:05.900,2378.9314,2378.2
2025-01-26 08:43:06.000,2378.9314,2378.1
2025-01-26 08:43:06.100,2378.8708,2378.1
2025-01-26 08:43:06.200,2378.848,2378.1
2025-01-26 08:43:06.300,2378.839,2378.1
2025-01-26 08:43:06.400,2378.836,2378.1
2025-01-26 08:43:06.500,2378.8347,2378.1
2025-01-26 08:43:06.600,2378.8342,2378.1
2025-01-26 08:43:06.700,2378.834,2378.1
2025-01-26 08:43:06.800,2378.834,2378.1
2025-01-26 08:43:06.900,2378.8337,2378.1
2025-01-26 08:43:07.000,2378.8337,2377.9
2025-01-26 08:43:07.100,2378.7126,2378.0
2025-01-26 08:43:07.200,2378.7273,2378.0
2025-01-26 08:43:07.300,2378.7327,2378.0
2025-01-26 08:43:07.400,2378.7349,2378.0
2025-01-26 08:43:07.500,2378.7356,2378.0
2025-01-26 08:43:07.600,2378.736,2377.9
2025-01-26 08:43:07.700,2378.6755,2377.9
2025-01-26 08:43:07.800,2378.6526,2377.8
2025-01-26 08:43:07.900,2378.5833,2377.8
2025-01-26 08:43:08.000,2378.557,2377.8
2025-01-26 08:43:08.100,2378.5469,2377.8
2025-01-26 08:43:08.200,2378.5432,2378.0
2025-01-26 08:43:08.300,2378.663,2378.0
2025-01-26 08:43:08.400,2378.7085,2378.0
2025-01-26 08:43:08.500,2378.7256,2378.0
2025-01-26 08:43:08.600,2378.7322,2378.0
2025-01-26 08:43:08.700,2378.7346,2377.9
2025-01-26 08:43:08.800,2378.675,2377.9
2025-01-26 08:43:08.900,2378.6523,2377.9
2025-01-26 08:43:09.000,2378.6438,2377.9
2025-01-26 08:43:09.100,2378.6404,2377.9
2025-01-26 08:43:09.200,2378.6392,2377.9
2025-01-26 08:43:09.300,2378.6387,2377.9
2025-01-26 08:43:09.400,2378.6384,2377.9
2025-01-26 08:43:09.500,2378.6384,2377.8
2025-01-26 08:43:09.600,2378.578,2377.8
2025-01-26 08:43:09.700,2378.555,2377.8
2025-01-26 08:43:09.800,2378.5461,2377.8
2025-01-26 08:43:09.900,2378.543,2377.8
2025-01-26 08:43:10.000,2378.5417,2377.7
2025-01-26 08:43:10.100,2378.4805,2377.7
2025-01-26 08:43:10.200,2378.4573,2377.7
2025-01-26 08:43:10.300,2378.4485,2377.7
2025-01-26 08:43:10.400,2378.445,2377.7
2025-01-26 08:43:10.500,2378.4438,2377.733333333333
2025-01-26 08:43:10.600,2378.4636,2377.6
2025-01-26 08:43:10.700,2378.3906,2377.6
2025-01-26 08:43:10.800,2378.3625,2377.65
2025-01-26 08:43:10.900,2378.3823,2377.65
2025-01-26 08:43:11.000,2378.39,2377.65
2025-01-26 08:43:11.100,2378.3926,2377.6
2025-01-26 08:43:11.200,2378.3635,2377.7
2025-01-26 08:43:11.300,2378.4128,2377.7
2025-01-26 08:43:11.400,2378.4316,2377.7
2025-01-26 08:43:11.500,2378.4387,2377.7
2025-01-26 08:43:11.600,2378.4417,2377.7
2025-01-26 08:43:11.700,2378.4426,2377.6
2025-01-26 08:43:11.800,2378.382,2377.6
2025-01-26 08:43:11.900,2378.3596,2377.6
2025-01-26 08:43:12.000,2378.351,2377.6
2025-01-26 08:43:12.100,2378.3477,2377.6
2025-01-26 08:43:12.200,2378.3464,2377.6
2025-01-26 08:43:12.300,2378.346,2377.6
2025-01-26 08:43:12.400,2378.346,2377.6
2025-01-26 08:43:12.500,2378.3457,2377.5
2025-01-26 08:43:12.600,2378.285,2377.5
2025-01-26 08:43:12.700,2378.262,2377.5
2025-01-26 08:43:12.800,2378.2532,2377.5
2025-01-26 08:43:12.900,2378.25,2377.5
2025-01-26 08:43:13.000,2378.2488,2377.65
2025-01-26 08:43:13.100,2378.339,2377.9
2025-01-26 08:43:13.200,2378.5247,2377.9
2025-01-26 08:43:13.300,2378.5955,2377.9
2025-01-26 08:43:13.400,2378.6223,2377.9
2025-01-26 08:43:13.500,2378.632,2377.8
2025-01-26 08:43:13.600,2378.5754,2377.9
2025-01-26 08:43:13.700,2378.6145,2377.9
2025-01-26 08:43:13.800,2378.6292,2377.9
2025-01-26 08:43:13.900,2378.635,2377.9
2025-01-26 08:43:14.000,2378.637,2377.9
2025-01-26 08:43:14.100,2378.638,2377.8
2025-01-26 08:43:14.200,2378.578,2377.8
2025-01-26 08:43:14.300,2378.555,2377.8
2025-01-26 08:43:14.400,2378.5461,2377.8
2025-01-26 08:43:14.500,2378.543,2377.6
2025-01-26 08:43:14.600,2378.4207,2377.6
2025-01-26 08:43:14.700,2378.374,2377.6
2025-01-26 08:43:14.800,2378.3564,2377.6
2025-01-26 08:43:14.900,2378.3499,2377.7
2025-01-26 08:43:15.000,2378.408,2377.7
2025-01-26 08:43:15.100,2378.4297,2377.7
2025-01-26 08:43:15.200,2378.4382,2377.7
2025-01-26 08:43:15.300,2378.4412,2377.7
2025-01-26 08:43:15.400,2378.4424,2377.7
2025-01-26 08:43:15.500,2378.4426,2377.7
2025-01-26 08:43:15.600,2378.443,2377.7
2025-01-26 08:43:15.700,2378.443,2377.7
2025-01-26 08:43:15.800,2378.443,2377.7
2025-01-26 08:43:15.900,2378.443,2377.7
2025-01-26 08:43:16.000,2378.443,2377.7
2025-01-26 08:43:16.100,2378.443,2377.7
2025-01-26 08:43:16.200,2378.443,2377.7
2025-01-26 08:43:16.300,2378.443,2377.7
2025-01-26 08:43:16.400,2378.443,2377.7
2025-01-26 08:43:16.500,2378.443,2377.6666666666665
2025-01-26 08:43:16.600,2378.423,2377.6666666666665
2025-01-26 08:43:16.700,2378.4155,2377.6666666666665
2025-01-26 08:43:16.800,2378.4124,2377.6666666666665
2025-01-26 08:43:16.900,2378.4114,2377.6666666666665
2025-01-26 08:43:17.000,2378.411,2377.6666666666665
2025-01-26 08:43:17.100,2378.411,2377.6666666666665
2025-01-26 08:43:17.200,2378.411,2377.6666666666665
2025-01-26 08:43:17.300,2378.411,2377.6666666666665
2025-01-26 08:43:17.400,2378.411,2377.6666666666665
2025-01-26 08:43:17.500,2378.411,2377.9
2025-01-26 08:43:17.600,2378.552,2377.9
2025-01-26 08:43:17.700,2378.6057,2377.9
2025-01-26 08:43:17.800,2378.6257,2377.9
2025-01-26 08:43:17.900,2378.6335,2377.9
2025-01-26 08:43:18.000,2378.6365,2377.9
2025-01-26 08:43:18.100,2378.6377,2377.98
2025-01-26 08:43:18.200,2378.6868,2377.98
2025-01-26 08:43:18.300,2378.7053,2377.98
2025-01-26 08:43:18.400,2378.7122,2378.0
2025-01-26 08:43:18.500,2378.7273,2378.0
2025-01-26 08:43:18.600,2378.7327,2378.0
2025-01-26 08:43:18.700,2378.7349,2378.0
2025-01-26 08:43:18.800,2378.7356,2378.0
2025-01-26 08:43:18.900,2378.736,2378.0
2025-01-26 08:43:19.000,2378.736,2378.0
2025-01-26 08:43:19.100,2378.736,2378.1
2025-01-26 08:43:19.200,2378.7966,2378.1
2025-01-26 08:43:19.300,2378.8198,2378.1
2025-01-26 08:43:19.400,2378.8286,2378.1
2025-01-26 08:43:19.500,2378.8318,2378.1
2025-01-26 08:43:19.600,2378.833,2378.1
2025-01-26 08:43:19.700,2378.8337,2378.1
2025-01-26 08:43:19.800,2378.8337,2378.1
2025-01-26 08:43:19.900,2378.8337,2378.1
2025-01-26 08:43:20.000,2378.8337,2378.1
2025-01-26 08:43:20.100,2378.8337,2378.1
2025-01-26 08:43:20.200,2378.8337,2378.1
2025-01-26 08:43:20.300,2378.8337,2378.1
2025-01-26 08:43:20.400,2378.8337,2378.1
2025-01-26 08:43:20.500,2378.8337,2378.1
2025-01-26 08:43:20.600,2378.8337,2378.1
2025-01-26 08:43:20.700,2378.8337,2378.1
2025-01-26 08:43:20.800,2378.8337,2378.1
2025-01-26 08:43:20.900,2378.8337,2377.9
2025-01-26 08:43:21.000,2378.7126,2377.9
2025-01-26 08:43:21.100,2378.6665,2377.8
2025-01-26 08:43:21.200,2378.5886,2377.8
2025-01-26 08:43:21.300,2378.5588,2377.8
2025-01-26 08:43:21.400,2378.5479,2377.8
2025-01-26 08:43:21.500,2378.5435,2377.8
2025-01-26 08:43:21.600,2378.5417,2377.8
2025-01-26 08:43:21.700,2378.5413,2377.8
2025-01-26 08:43:21.800,2378.5413,2377.8
2025-01-26 08:43:21.900,2378.541,2377.8500000000004
2025-01-26 08:43:22.000,2378.5713,2377.8500000000004
2025-01-26 08:43:22.100,2378.5828,2377.8500000000004
2025-01-26 08:43:22.200,2378.5872,2377.8500000000004
2025-01-26 08:43:22.300,2378.5886,2377.8500000000004
2025-01-26 08:43:22.400,2378.5896,2377.8500000000004
2025-01-26 08:43:22.500,2378.5896,2377.8500000000004
2025-01-26 08:43:22.600,2378.5898,2377.8500000000004
2025-01-26 08:43:22.700,2378.5898,2377.5666666666666
2025-01-26 08:43:22.800,2378.4182,2377.5666666666666
2025-01-26 08:43:22.900,2378.3528,2377.5666666666666
2025-01-26 08:43:23.000,2378.3281,2377.5666666666666
2025-01-26 08:43:23.100,2378.3188,2377.5666666666666
2025-01-26 08:43:23.200,2378.3152,2377.6
2025-01-26 08:43:23.300,2378.3342,2377.7
2025-01-26 08:43:23.400,2378.4019,2377.7
2025-01-26 08:43:23.500,2378.4275,2377.7
2025-01-26 08:43:23.600,2378.4373,2377.7
2025-01-26 08:43:23.700,2378.4412,2377.7
2025-01-26 08:43:23.800,2378.4421,2377.7
2025-01-26 08:43:23.900,2378.4426,2377.7
2025-01-26 08:43:24.000,2378.443,2377.7
2025-01-26 08:43:24.100,2378.443,2377.7
2025-01-26 08:43:24.200,2378.443,2377.7
2025-01-26 08:43:24.300,2378.443,2377.7
2025-01-26 08:43:24.400,2378.443,2377.7
2025-01-26 08:43:24.500,2378.443,2377.7
2025-01-26 08:43:24.600,2378.443,2377.7
2025-01-26 08:43:24.700,2378.443,2378.0
2025-01-26 08:43:24.800,2378.6252,2378.0
2025-01-26 08:43:24.900,2378.694,2378.0
2025-01-26 08:43:25.000,2378.7202,2378.1
2025-01-26 08:43:25.100,2378.7908,2378.15
2025-01-26 08:43:25.200,2378.8477,2378.2
2025-01-26 08:43:25.300,2378.8997,2378.2
2025-01-26 08:43:25.400,2378.9192,2378.2
2025-01-26 08:43:25.500,2378.9268,2378.05
2025-01-26 08:43:25.600,2378.8389,2378.05
2025-01-26 08:43:25.700,2378.8054,2378.05
2025-01-26 08:43:25.800,2378.7927,2378.05
2025-01-26 08:43:25.900,2378.7878,2378.1
2025-01-26 08:43:26.000,2378.8164,2378.1
2025-01-26 08:43:26.100,2378.8274,2378.1
2025-01-26 08:43:26.200,2378.8313,2378.1
2025-01-26 08:43:26.300,2378.8328,2378.1
2025-01-26 08:43:26.400,2378.8333,2378.1
2025-01-26 08:43:26.500,2378.8337,2378.1
2025-01-26 08:43:26.600,2378.8337,2378.1
2025-01-26 08:43:26.700,2378.8337,2378.1
2025-01-26 08:43:26.800,2378.8337,2378.1
2025-01-26 08:43:26.900,2378.8337,2378.1
2025-01-26 08:43:27.000,2378.8337,2378.1
2025-01-26 08:43:27.100,2378.8337,2378.1
2025-01-26 08:43:27.200,2378.8337,2378.1
2025-01-26 08:43:27.300,2378.8337,2378.1
2025-01-26 08:43:27.400,2378.8337,2378.1
2025-01-26 08:43:27.500,2378.8337,2378.3
2025-01-26 08:43:27.600,2378.9548,2378.3
2025-01-26 08:43:27.700,2379.0007,2378.3
2025-01-26 08:43:27.800,2379.0183,2378.3
2025-01-26 08:43:27.900,2379.025,2378.1
2025-01-26 08:43:28.000,2378.9062,2378.1
2025-01-26 08:43:28.100,2378.8613,2378.1
2025-01-26 08:43:28.200,2378.8442,2378.1
2025-01-26 08:43:28.300,2378.8376,2378.1
2025-01-26 08:43:28.400,2378.8352,2378.1
2025-01-26 08:43:28.500,2378.8345,2378.1
2025-01-26 08:43:28.600,2378.8342,2378.1
2025-01-26 08:43:28.700,2378.834,2378.1
2025-01-26 08:43:28.800,2378.834,2378.1
2025-01-26 08:43:28.900,2378.8337,2378.233333333333
2025-01-26 08:43:29.000,2378.9143,2378.3
2025-01-26 08:43:29.100,2378.9856,2378.3
2025-01-26 08:43:29.200,2379.0125,2378.3
2025-01-26 08:43:29.300,2379.0227,2378.2
2025-01-26 08:43:29.400,2378.9658,2378.2
2025-01-26 08:43:29.500,2378.9443,2378.2
2025-01-26 08:43:29.600,2378.9363,2378.2
2025-01-26 08:43:29.700,2378.9333,2378.2
2025-01-26 08:43:29.800,2378.932,2378.2
2025-01-26 08:43:29.900,2378.9316,2378.2
2025-01-26 08:43:30.000,2378.9314,2378.2
2025-01-26 08:43:30.100,2378.9314,2378.2
2025-01-26 08:43:30.200,2378.9314,2378.15
2025-01-26 08:43:30.300,2378.901,2378.15
2025-01-26 08:43:30.400,2378.8894,2378.15
2025-01-26 08:43:30.500,2378.885,2378.15
2025-01-26 08:43:30.600,2378.8835,2378.15
2025-01-26 08:43:30.700,2378.8828,2378.15
2025-01-26 08:43:30.800,2378.8826,2378.15
2025-01-26 08:43:30.900,2378.8826,2378.15
2025-01-26 08:43:31.000,2378.8826,2378.15
2025-01-26 08:43:31.100,2378.8826,2378.15
2025-01-26 08:43:31.200,2378.8826,2378.15
2025-01-26 08:43:31.300,2378.8826,2378.0
2025-01-26 08:43:31.400,2378.7917,2378.0
2025-01-26 08:43:31.500,2378.757,2378.0
2025-01-26 08:43:31.600,2378.744,2378.0
2025-01-26 08:43:31.700,2378.7393,2378.0
2025-01-26 08:43:31.800,2378.737,2378.0
2025-01-26 08:43:31.900,2378.7366,2378.0
2025-01-26 08:43:32.000,2378.7363,2378.0
2025-01-26 08:43:32.100,2378.736,2378.2
2025-01-26 08:43:32.200,2378.8572,2378.5
2025-01-26 08:43:32.300,2379.085,2378.7125
2025-01-26 08:43:32.400,2379.3,2378.7125
2025-01-26 08:43:32.500,2379.3813,2378.7125
2025-01-26 08:43:32.600,2379.4124,2378.8
2025-01-26 08:43:32.700,2379.4768,2378.8
2025-01-26 08:43:32.800,2379.5017,2378.8
2025-01-26 08:43:32.900,2379.511,2378.8
2025-01-26 08:43:33.000,2379.5144,2378.8
2025-01-26 08:43:33.100,2379.5159,2378.8
2025-01-26 08:43:33.200,2379.5164,2378.8
2025-01-26 08:43:33.300,2379.5164,2378.8
2025-01-26 08:43:33.400,2379.5168,2378.7
2025-01-26 08:43:33.500,2379.456,2378.7
2025-01-26 08:43:33.600,2379.4329,2378.7
2025-01-26 08:43:33.700,2379.424,2378.7
2025-01-26 08:43:33.800,2379.4211,2378.7
2025-01-26 08:43:33.900,2379.4197,2378.9
2025-01-26 08:43:34.000,2379.5403,2378.9
2025-01-26 08:43:34.100,2379.5862,2378.7
2025-01-26 08:43:34.200,2379.4824,2378.7
2025-01-26 08:43:34.300,2379.443,2378.7
2025-01-26 08:43:34.400,2379.428,2378.6
2025-01-26 08:43:34.500,2379.362,2378.6
2025-01-26 08:43:34.600,2379.337,2378.675
2025-01-26 08:43:34.700,2379.3728,2378.675
2025-01-26 08:43:34.800,2379.3865,2378.7
2025-01-26 08:43:34.900,2379.4067,2378.7
2025-01-26 08:43:35.000,2379.4143,2378.7
2025-01-26 08:43:35.100,2379.4172,2378.7
2025-01-26 08:43:35.200,2379.4182,2378.7
2025-01-26 08:43:35.300,2379.4187,2378.7
2025-01-26 08:43:35.400,2379.419,2378.7
2025-01-26 08:43:35.500,2379.419,2378.7
2025-01-26 08:43:35.600,2379.419,2378.7
2025-01-26 08:43:35.700,2379.419,2378.7
2025-01-26 08:43:35.800,2379.419,2378.7
2025-01-26 08:43:35.900,2379.4192,2378.7
2025-01-26 08:43:36.000,2379.4192,2378.7
2025-01-26 08:43:36.100,2379.4192,2378.8
2025-01-26 08:43:36.200,2379.4797,2378.8
2025-01-26 08:43:36.300,2379.5027,2378.8
2025-01-26 08:43:36.400,2379.5112,2378.7
2025-01-26 08:43:36.500,2379.454,2378.7
2025-01-26 08:43:36.600,2379.4321,2378.8
2025-01-26 08:43:36.700,2379.4846,2378.9
2025-01-26 08:43:36.800,2379.565,2378.9
2025-01-26 08:43:36.900,2379.5955,2378.9
2025-01-26 08:43:37.000,2379.607,2378.9
2025-01-26 08:43:37.100,2379.6113,2378.9
2025-01-26 08:43:37.200,2379.613,2378.7
2025-01-26 08:43:37.300,2379.4927,2378.7
2025-01-26 08:43:37.400,2379.447,2378.7
2025-01-26 08:43:37.500,2379.4297,2378.7
2025-01-26 08:43:37.600,2379.423,2378.7
2025-01-26 08:43:37.700,2379.4207,2378.7
2025-01-26 08:43:37.800,2379.4197,2378.7
2025-01-26 08:43:37.900,2379.4192,2378.7
2025-01-26 08:43:38.000,2379.4192,2378.7
2025-01-26 08:43:38.100,2379.4192,2378.7
2025-01-26 08:43:38.200,2379.4192,2378.7
2025-01-26 08:43:38.300,2379.4192,2378.7
2025-01-26 08:43:38.400,2379.4192,2378.7
2025-01-26 08:43:38.500,2379.4192,2378.7
2025-01-26 08:43:38.600,2379.4192,2378.7
2025-01-26 08:43:38.700,2379.4192,2378.9
2025-01-26 08:43:38.800,2379.5403,2378.9
2025-01-26 08:43:38.900,2379.5862,2378.9
2025-01-26 08:43:39.000,2379.6033,2378.9
2025-01-26 08:43:39.100,2379.61,2378.9
2025-01-26 08:43:39.200,2379.6125,2379.011111111111
2025-01-26 08:43:39.300,2379.6807,2379.011111111111
2025-01-26 08:43:39.400,2379.7068,2379.1
2025-01-26 08:43:39.500,2379.7703,2379.1
2025-01-26 08:43:39.600,2379.7944,2379.1
2025-01-26 08:43:39.700,2379.8035,2379.1
2025-01-26 08:43:39.800,2379.807,2379.1
2025-01-26 08:43:39.900,2379.8083,2379.1
2025-01-26 08:43:40.000,2379.8088,2379.233333333333
2025-01-26 08:43:40.100,2379.8896,2379.1666666666665
2025-01-26 08:43:40.200,2379.8801,2379.1666666666665
2025-01-26 08:43:40.300,2379.8765,2379.1666666666665
2025-01-26 08:43:40.400,2379.875,2379.1666666666665
2025-01-26 08:43:40.500,2379.8743,2379.0
2025-01-26 08:43:40.600,2379.7732,2379.0
2025-01-26 08:43:40.700,2379.7349,2379.0
2025-01-26 08:43:40.800,2379.7205,2379.1
2025-01-26 08:43:40.900,2379.7756,2379.1
2025-01-26 08:43:41.000,2379.7964,2379.1
2025-01-26 08:43:41.100,2379.8044,2379.1
2025-01-26 08:43:41.200,2379.8074,2379.1
2025-01-26 08:43:41.300,2379.8083,2379.1
2025-01-26 08:43:41.400,2379.8088,2379.1
2025-01-26 08:43:41.500,2379.8088,2379.1
2025-01-26 08:43:41.600,2379.8088,2379.1
2025-01-26 08:43:41.700,2379.8088,2379.1
2025-01-26 08:43:41.800,2379.8093,2379.1
2025-01-26 08:43:41.900,2379.8093,2379.1
2025-01-26 08:43:42.000,2379.8093,2379.1
2025-01-26 08:43:42.100,2379.8093,2378.9
2025-01-26 08:43:42.200,2379.688,2378.95
2025-01-26 08:43:42.300,2379.672,2378.95
2025-01-26 08:43:42.400,2379.6663,2378.8
2025-01-26 08:43:42.500,2379.5735,2378.8
2025-01-26 08:43:42.600,2379.5383,2378.9
2025-01-26 08:43:42.700,2379.5852,2378.9
2025-01-26 08:43:42.800,2379.6033,2378.9
2025-01-26 08:43:42.900,2379.61,2378.9
2025-01-26 08:43:43.000,2379.6125,2378.9
2025-01-26 08:43:43.100,2379.6135,2378.9
2025-01-26 08:43:43.200,2379.6135,2378.9
2025-01-26 08:43:43.300,2379.614,2378.9
2025-01-26 08:43:43.400,2379.614,2378.9
2025-01-26 08:43:43.500,2379.614,2378.8
2025-01-26 08:43:43.600,2379.5535,2378.7
2025-01-26 08:43:43.700,2379.47,2378.7
2025-01-26 08:43:43.800,2379.4382,2378.7
2025-01-26 08:43:43.900,2379.426,2378.6
2025-01-26 08:43:44.000,2379.3613,2378.6
2025-01-26 08:43:44.100,2379.3367,2378.6
2025-01-26 08:43:44.200,2379.3274,2378.6
2025-01-26 08:43:44.300,2379.324,2378.6
2025-01-26 08:43:44.400,2379.3225,2378.6
2025-01-26 08:43:44.500,2379.322,2378.6
2025-01-26 08:43:44.600,2379.322,2378.6
2025-01-26 08:43:44.700,2379.3215,2378.6
2025-01-26 08:43:44.800,2379.3215,2378.6
2025-01-26 08:43:44.900,2379.3215,2378.725
2025-01-26 08:43:45.000,2379.3972,2378.725
2025-01-26 08:43:45.100,2379.426,2378.725
2025-01-26 08:43:45.200,2379.437,2378.725
2025-01-26 08:43:45.300,2379.441,2378.5
2025-01-26 08:43:45.400,2379.3062,2378.5
2025-01-26 08:43:45.500,2379.2551,2378.4
2025-01-26 08:43:45.600,2379.175,2378.4
2025-01-26 08:43:45.700,2379.1448,2378.4
2025-01-26 08:43:45.800,2379.133,2378.4
2025-01-26 08:43:45.900,2379.129,2378.4
2025-01-26 08:43:46.000,2379.1272,2378.4
2025-01-26 08:43:46.100,2379.1267,2378.4
2025-01-26 08:43:46.200,2379.1265,2378.4
2025-01-26 08:43:46.300,2379.1265,2378.4
2025-01-26 08:43:46.400,2379.1262,2378.4
2025-01-26 08:43:46.500,2379.1262,2378.4
2025-01-26 08:43:46.600,2379.1262,2378.9
2025-01-26 08:43:46.700,2379.429,2379.05
2025-01-26 08:43:46.800,2379.6348,2379.05
2025-01-26 08:43:46.900,2379.7126,2378.95
2025-01-26 08:43:47.000,2379.6816,2379.0
2025-01-26 08:43:47.100,2379.7,2379.0
2025-01-26 08:43:47.200,2379.7073,2379.1
2025-01-26 08:43:47.300,2379.7705,2379.1
2025-01-26 08:43:47.400,2379.7944,2379.1
2025-01-26 08:43:47.500,2379.8035,2379.0
2025-01-26 08:43:47.600,2379.7463,2379.2
2025-01-26 08:43:47.700,2379.8457,2379.2
2025-01-26 08:43:47.800,2379.8833,2379.2
2025-01-26 08:43:47.900,2379.8977,2379.2
2025-01-26 08:43:48.000,2379.903,2379.2
2025-01-26 08:43:48.100,2379.905,2379.2
2025-01-26 08:43:48.200,2379.906,2379.2
2025-01-26 08:43:48.300,2379.906,2379.2
2025-01-26 08:43:48.400,2379.9065,2379.2
2025-01-26 08:43:48.500,2379.9065,2379.2
2025-01-26 08:43:48.600,2379.9065,2379.2
2025-01-26 08:43:48.700,2379.9065,2379.32
2025-01-26 08:43:48.800,2379.979,2379.32
2025-01-26 08:43:48.900,2380.0066,2379.32
2025-01-26 08:43:49.000,2380.017,2379.4
2025-01-26 08:43:49.100,2380.0693,2379.233333333333
2025-01-26 08:43:49.200,2379.9885,2379.233333333333
2025-01-26 08:43:49.300,2379.9578,2379.233333333333
2025-01-26 08:43:49.400,2379.946,2379.233333333333
2025-01-26 08:43:49.500,2379.9417,2379.233333333333
2025-01-26 08:43:49.600,2379.9402,2379.233333333333
2025-01-26 08:43:49.700,2379.9392,2379.233333333333
2025-01-26 08:43:49.800,2379.9392,2379.233333333333
2025-01-26 08:43:49.900,2379.9392,2379.233333333333
2025-01-26 08:43:50.000,2379.939,2379.4
2025-01-26 08:43:50.100,2380.0398,2379.4
2025-01-26 08:43:50.200,2380.078,2379.4
2025-01-26 08:43:50.300,2380.0925,2379.4
2025-01-26 08:43:50.400,2380.098,2379.3
2025-01-26 08:43:50.500,2380.0396,2379.2
2025-01-26 08:43:50.600,2379.9568,2379.2
2025-01-26 08:43:50.700,2379.9255,2379.25
2025-01-26 08:43:50.800,2379.944,2379.25
2025-01-26 08:43:50.900,2379.951,2379.25
2025-01-26 08:43:51.000,2379.9534,2379.25
2025-01-26 08:43:51.100,2379.9546,2379.25
2025-01-26 08:43:51.200,2379.9548,2379.0
2025-01-26 08:43:51.300,2379.8037,2379.2
2025-01-26 08:43:51.400,2379.8674,2379.2
2025-01-26 08:43:51.500,2379.8916,2379.2
2025-01-26 08:43:51.600,2379.9006,2379.375
2025-01-26 08:43:51.700,2380.0105,2379.375
2025-01-26 08:43:51.800,2380.0518,2379.375
2025-01-26 08:43:51.900,2380.0674,2379.375
2025-01-26 08:43:52.000,2380.0735,2379.375
2025-01-26 08:43:52.100,2380.0757,2379.375
2025-01-26 08:43:52.200,2380.0764,2379.375
2025-01-26 08:43:52.300,2380.077,2379.375
2025-01-26 08:43:52.400,2380.077,2379.4
2025-01-26 08:43:52.500,2380.092,2379.4
2025-01-26 08:43:52.600,2380.0977,2379.4
2025-01-26 08:43:52.700,2380.0999,2379.4
2025-01-26 08:43:52.800,2380.1008,2379.4
2025-01-26 08:43:52.900,2380.101,2379.4
2025-01-26 08:43:53.000,2380.1013,2379.4
2025-01-26 08:43:53.100,2380.1013,2379.4
2025-01-26 08:43:53.200,2380.1013,2379.4
2025-01-26 08:43:53.300,2380.1013,2379.4
2025-01-26 08:43:53.400,2380.1013,2379.4
2025-01-26 08:43:53.500,2380.1013,2379.3250000000003
2025-01-26 08:43:53.600,2380.056,2379.3250000000003
2025-01-26 08:43:53.700,2380.0388,2379.3250000000003
2025-01-26 08:43:53.800,2380.0322,2379.4
2025-01-26 08:43:53.900,2380.075,2379.4
2025-01-26 08:43:54.000,2380.0916,2379.4
2025-01-26 08:43:54.100,2380.0974,2379.4
2025-01-26 08:43:54.200,2380.0999,2379.4
2025-01-26 08:43:54.300,2380.1008,2379.4
2025-01-26 08:43:54.400,2380.101,2379.4
2025-01-26 08:43:54.500,2380.1013,2379.3
2025-01-26 08:43:54.600,2380.0408,2379.3
2025-01-26 08:43:54.700,2380.0178,2379.4
2025-01-26 08:43:54.800,2380.0696,2379.4
2025-01-26 08:43:54.900,2380.089,2379.4
2025-01-26 08:43:55.000,2380.097,2379.4
2025-01-26 08:43:55.100,2380.0994,2379.4
2025-01-26 08:43:55.200,2380.1006,2379.4
2025-01-26 08:43:55.300,2380.101,2379.4
2025-01-26 08:43:55.400,2380.101,2379.4
2025-01-26 08:43:55.500,2380.1013,2379.4
2025-01-26 08:43:55.600,2380.1013,2379.3
2025-01-26 08:43:55.700,2380.0408,2379.3
2025-01-26 08:43:55.800,2380.0178,2379.3
2025-01-26 08:43:55.900,2380.0093,2379.3
2025-01-26 08:43:56.000,2380.006,2379.3
2025-01-26 08:43:56.100,2380.0046,2379.2
2025-01-26 08:43:56.200,2379.9436,2379.2
2025-01-26 08:43:56.300,2379.9207,2379.2
2025-01-26 08:43:56.400,2379.9119,2379.2
2025-01-26 08:43:56.500,2379.9084,2379.2
2025-01-26 08:43:56.600,2379.907,2379.2
2025-01-26 08:43:56.700,2379.9067,2379.2
2025-01-26 08:43:56.800,2379.9065,2379.2
2025-01-26 08:43:56.900,2379.9065,2379.2
2025-01-26 08:43:57.000,2379.9065,2379.4
2025-01-26 08:43:57.100,2380.0273,2379.4
2025-01-26 08:43:57.200,2380.0735,2379.3
2025-01-26 08:43:57.300,2380.0303,2379.3
2025-01-26 08:43:57.400,2380.014,2379.3
2025-01-26 08:43:57.500,2380.0078,2379.3
