timestamp,price,volume
2025-01-25 08:10:00.004,117.41,3
2025-01-25 08:10:00.138,117.41,1
2025-01-25 08:10:00.243,117.42,8
2025-01-25 08:10:00.272,117.41,2
2025-01-25 08:10:05.411,117.41,57
2025-01-25 08:10:05.438,117.4,10
2025-01-25 08:10:07.316,117.41,3
2025-01-25 08:10:07.345,117.4,1
2025-01-25 08:10:07.644,117.41000000000001,21
2025-01-25 08:10:07.645,117.41,53
2025-01-25 08:10:07.646,117.41,1
2025-01-25 08:10:07.665,117.41000000000001,3
2025-01-25 08:10:07.669,117.41,1
2025-01-25 08:10:07.670,117.41,1
2025-01-25 08:10:07.699,117.41,11
2025-01-25 08:10:07.730,117.41,1
2025-01-25 08:10:08.687,117.41,3
2025-01-25 08:10:12.795,117.41000000000001,7
2025-01-25 08:10:12.828,117.41,1
2025-01-25 08:10:18.030,117.41,1
2025-01-25 08:10:19.628,117.42,2
2025-01-25 08:10:19.629,117.42,16
2025-01-25 08:10:19.653,117.42,1
2025-01-25 08:10:19.654,117.42,6
2025-01-25 08:10:19.888,117.42,12
2025-01-25 08:10:19.889,117.42,7
2025-01-25 08:10:19.914,117.42,2
2025-01-25 08:10:19.938,117.42,3
2025-01-25 08:10:22.700,117.41538461538462,51
2025-01-25 08:10:22.701,117.41000000000001,13
2025-01-25 08:10:22.729,117.41,11
2025-01-25 08:10:22.760,117.41,6
2025-01-25 08:10:28.316,117.42,19
2025-01-25 08:10:28.343,117.41,6
2025-01-25 08:10:30.491,117.42,1
2025-01-25 08:10:30.549,117.42,1
2025-01-25 08:10:30.550,117.42,5
2025-01-25 08:10:30.575,117.42,2
2025-01-25 08:10:30.576,117.42,1
2025-01-25 08:10:32.668,117.42,4
2025-01-25 08:10:32.692,117.41,1
2025-01-25 08:10:38.000,117.41,5
2025-01-25 08:10:38.034,117.41,1
2025-01-25 08:10:41.541,117.42,5
2025-01-25 08:10:41.570,117.42,1
2025-01-25 08:10:41.579,117.42,1
2025-01-25 08:10:41.610,117.42,1
2025-01-25 08:10:44.119,117.42,2
2025-01-25 08:10:45.992,117.42,2
2025-01-25 08:10:46.026,117.41,1
2025-01-25 08:10:46.243,117.42,1
2025-01-25 08:10:48.786,117.42,2
2025-01-25 08:10:48.787,117.42,3
2025-01-25 08:10:49.049,117.41,1
2025-01-25 08:10:49.072,117.41,1
2025-01-25 08:11:00.109,117.42,2
2025-01-25 08:11:02.156,117.42,5
2025-01-25 08:11:02.198,117.41,2
2025-01-25 08:11:07.830,117.41,1
2025-01-25 08:11:13.563,117.42,1
2025-01-25 08:11:15.339,117.42,3
2025-01-25 08:11:15.340,117.42,7
2025-01-25 08:11:15.341,117.42,2
2025-01-25 08:11:15.364,117.41,1
2025-01-25 08:11:15.390,117.41,2
2025-01-25 08:11:16.756,117.42,9
2025-01-25 08:11:16.787,117.41,1
2025-01-25 08:11:16.817,117.41,2
2025-01-25 08:11:22.566,117.42,11
2025-01-25 08:11:22.592,117.41,2
2025-01-25 08:11:23.373,117.42,19
2025-01-25 08:11:23.398,117.41,7
2025-01-25 08:11:31.743,117.41000000000001,52
2025-01-25 08:11:31.925,117.40000000000002,6
2025-01-25 08:11:31.950,117.4,1
2025-01-25 08:11:31.954,117.4,1
2025-01-25 08:11:31.955,117.4,1
2025-01-25 08:11:32.059,117.41,2
2025-01-25 08:11:32.086,117.4,1
2025-01-25 08:11:38.679,117.41,2
2025-01-25 08:11:38.768,117.41,1
2025-01-25 08:11:38.769,117.41,5
2025-01-25 08:11:38.795,117.4,2
2025-01-25 08:11:39.795,117.41000000000001,8
2025-01-25 08:11:39.796,117.41,1
2025-01-25 08:11:39.824,117.4,3
2025-01-25 08:11:42.652,117.41,1
2025-01-25 08:11:42.653,117.41,1
2025-01-25 08:11:43.909,117.41,1
2025-01-25 08:11:43.936,117.4,1
2025-01-25 08:11:52.818,117.41,10
2025-01-25 08:11:52.819,117.41,4
2025-01-25 08:11:52.836,117.41,11
2025-01-25 08:11:52.961,117.4,1
2025-01-25 08:11:52.991,117.4,5
2025-01-25 08:11:53.415,117.41,1
2025-01-25 08:11:53.416,117.41,10
2025-01-25 08:11:53.442,117.41,3
2025-01-25 08:12:03.496,117.41,3
2025-01-25 08:12:03.498,117.41,2
2025-01-25 08:12:03.499,117.41,2
2025-01-25 08:12:03.500,117.41,2
2025-01-25 08:12:03.526,117.41,1
2025-01-25 08:12:03.553,117.41,2
2025-01-25 08:12:05.941,117.42,4
2025-01-25 08:12:05.942,117.42,4
2025-01-25 08:12:05.967,117.41,1
2025-01-25 08:12:06.004,117.41,1
2025-01-25 08:12:09.197,117.42,4
2025-01-25 08:12:09.227,117.41,1
2025-01-25 08:12:15.433,117.42,8
2025-01-25 08:12:15.461,117.41,2
2025-01-25 08:12:27.830,117.41,1
2025-01-25 08:12:28.577,117.42,3
2025-01-25 08:12:28.578,117.42,8
2025-01-25 08:12:28.603,117.42,4
2025-01-25 08:12:28.663,117.42,4
2025-01-25 08:12:28.695,117.42,1
2025-01-25 08:12:31.728,117.42,6
2025-01-25 08:12:31.729,117.42,23
2025-01-25 08:12:31.751,117.41,3
2025-01-25 08:12:31.752,117.42,1
2025-01-25 08:12:31.786,117.41,4
2025-01-25 08:12:31.820,117.41,1
2025-01-25 08:12:31.857,117.42,1
2025-01-25 08:12:32.137,117.42,3
2025-01-25 08:12:32.161,117.41,1
2025-01-25 08:12:46.104,117.43000000000002,33
2025-01-25 08:12:46.131,117.43,4
2025-01-25 08:12:46.132,117.43,1
2025-01-25 08:12:46.134,117.43,4
2025-01-25 08:12:46.160,117.43,5
2025-01-25 08:12:46.190,117.43,1
2025-01-25 08:12:46.191,117.43,1
2025-01-25 08:12:52.039,117.43,1
2025-01-25 08:12:55.612,117.44,5
2025-01-25 08:12:55.615,117.44,2
2025-01-25 08:12:55.635,117.43,2
2025-01-25 08:13:03.635,117.44,2
2025-01-25 08:13:03.636,117.44,15
2025-01-25 08:13:03.637,117.44,4
2025-01-25 08:13:03.662,117.44,1
2025-01-25 08:13:03.689,117.44,5
2025-01-25 08:13:03.994,117.44,2
2025-01-25 08:13:03.995,117.44,1
2025-01-25 08:13:04.028,117.43,1
2025-01-25 08:13:09.301,117.44,31
2025-01-25 08:13:09.324,117.44,2
2025-01-25 08:13:09.353,117.435,5
2025-01-25 08:13:09.392,117.43,1
2025-01-25 08:13:14.543,117.44,2
2025-01-25 08:13:14.548,117.44,1
2025-01-25 08:13:14.575,117.43,1
2025-01-25 08:13:16.330,117.45,1
2025-01-25 08:13:16.331,117.45,2
2025-01-25 08:13:16.356,117.44,1
2025-01-25 08:13:16.528,117.45,1
2025-01-25 08:13:19.360,117.45,5
2025-01-25 08:13:19.385,117.45,2
2025-01-25 08:13:29.992,117.44,79
2025-01-25 08:13:29.993,117.44,5
2025-01-25 08:13:29.994,117.44,2
2025-01-25 08:13:30.025,117.44000000000001,18
2025-01-25 08:13:30.078,117.44,5
2025-01-25 08:13:30.163,117.44,1
2025-01-25 08:13:31.781,117.44,1
2025-01-25 08:13:31.810,117.43,1
2025-01-25 08:13:31.873,117.44,1
2025-01-25 08:13:43.721,117.44,6
2025-01-25 08:13:43.723,117.44,1
2025-01-25 08:13:43.756,117.44,1
2025-01-25 08:13:43.788,117.44,1
2025-01-25 08:13:47.830,117.44,1
2025-01-25 08:13:53.767,117.45,1
2025-01-25 08:13:53.768,117.45,25
2025-01-25 08:13:53.773,117.46,8
2025-01-25 08:13:53.800,117.45,7
2025-01-25 08:13:53.831,117.45,2
2025-01-25 08:13:53.875,117.46,6
2025-01-25 08:13:53.906,117.46,2
2025-01-25 08:13:53.931,117.46,1
2025-01-25 08:13:56.331,117.46,26
2025-01-25 08:13:56.332,117.46,3
2025-01-25 08:13:56.345,117.46,6
2025-01-25 08:13:56.358,117.45,4
2025-01-25 08:13:56.365,117.46,1
2025-01-25 08:13:56.385,117.45,6
2025-01-25 08:13:56.414,117.45,1
2025-01-25 08:14:00.144,117.46,2
2025-01-25 08:14:05.044,117.46,2
2025-01-25 08:14:05.074,117.45,1
2025-01-25 08:14:05.084,117.46,1
2025-01-25 08:14:10.940,117.46,1
2025-01-25 08:14:11.184,117.46,1
2025-01-25 08:14:18.270,117.46,4
2025-01-25 08:14:18.274,117.46,2
2025-01-25 08:14:18.275,117.46,1
2025-01-25 08:14:18.293,117.46,8
2025-01-25 08:14:18.299,117.45,1
2025-01-25 08:14:18.324,117.45,1
2025-01-25 08:14:18.357,117.45,2
2025-01-25 08:14:18.472,117.46,1
2025-01-25 08:14:22.089,117.46,3
2025-01-25 08:14:22.101,117.46,3
2025-01-25 08:14:22.102,117.46,1
2025-01-25 08:14:22.115,117.45,1
2025-01-25 08:14:22.146,117.45,2
2025-01-25 08:14:22.314,117.46,7
2025-01-25 08:14:22.340,117.455,2
2025-01-25 08:14:24.497,117.46,5
2025-01-25 08:14:24.530,117.45,1
2025-01-25 08:14:26.792,117.45,19
2025-01-25 08:14:26.855,117.45,4
2025-01-25 08:14:33.462,117.46,4
2025-01-25 08:14:33.463,117.46,11
2025-01-25 08:14:33.489,117.45,4
2025-01-25 08:14:35.293,117.46,1
2025-01-25 08:14:35.294,117.46,5
2025-01-25 08:14:35.324,117.46,4
2025-01-25 08:14:35.356,117.45,2
2025-01-25 08:14:47.126,117.46,13
2025-01-25 08:14:47.127,117.46,5
2025-01-25 08:14:47.154,117.45,4
2025-01-25 08:14:47.167,117.46,8
2025-01-25 08:14:47.168,117.46,5
2025-01-25 08:14:47.196,117.45,2
2025-01-25 08:14:47.222,117.45,2
2025-01-25 08:14:52.042,117.46,6
2025-01-25 08:14:52.053,117.46,1
2025-01-25 08:14:52.074,117.46,1
2025-01-25 08:14:52.104,117.46,1
2025-01-25 08:14:52.128,117.46,1
2025-01-25 08:14:52.133,117.46,1
2025-01-25 08:14:55.513,117.46,1
2025-01-25 08:14:55.514,117.46,2
2025-01-25 08:14:55.516,117.46,6
2025-01-25 08:14:55.517,117.46,4
2025-01-25 08:14:55.539,117.45,1
2025-01-25 08:14:55.566,117.45,1
2025-01-25 08:14:55.595,117.45,2
2025-01-25 08:14:59.422,117.46,2
2025-01-25 08:14:59.423,117.46,1
2025-01-25 08:15:06.841,117.46,5
2025-01-25 08:15:06.842,117.46,1
2025-01-25 08:15:06.852,117.46,1
2025-01-25 08:15:06.870,117.46,1
2025-01-25 08:15:06.900,117.46,1
2025-01-25 08:15:06.940,117.46,1
2025-01-25 08:15:16.735,117.46,6
2025-01-25 08:15:16.736,117.46,2
2025-01-25 08:15:16.739,117.46,10
2025-01-25 08:15:16.740,117.46,1
2025-01-25 08:15:16.746,117.46,1
2025-01-25 08:15:16.747,117.46,7
2025-01-25 08:15:16.758,117.46,1
2025-01-25 08:15:16.759,117.46,2
2025-01-25 08:15:16.783,117.46,1
2025-01-25 08:15:19.978,117.46,1
2025-01-25 08:15:19.979,117.46,1
2025-01-25 08:15:20.289,117.46,2
2025-01-25 08:15:20.322,117.46,1
2025-01-25 08:15:20.323,117.46,5
2025-01-25 08:15:22.589,117.45,7
2025-01-25 08:15:22.590,117.45,2
2025-01-25 08:15:26.068,117.45,1
2025-01-25 08:15:27.830,117.45,1
2025-01-25 08:15:29.179,117.45,6
2025-01-25 08:15:33.638,117.45,1
2025-01-25 08:15:36.046,117.46,2
2025-01-25 08:15:36.047,117.46,18
2025-01-25 08:15:36.057,117.46,2
2025-01-25 08:15:36.061,117.46,2
2025-01-25 08:15:36.062,117.46,1
2025-01-25 08:15:36.076,117.46,1
2025-01-25 08:15:51.339,117.46,1
2025-01-25 08:15:56.922,117.46,2
2025-01-25 08:15:56.923,117.46,4
2025-01-25 08:15:57.809,117.46,2
2025-01-25 08:15:59.156,117.46,2
2025-01-25 08:15:59.429,117.46,6
2025-01-25 08:15:59.721,117.46,1
2025-01-25 08:16:01.146,117.46,1
2025-01-25 08:16:02.981,117.46,1
2025-01-25 08:16:02.982,117.46,7
2025-01-25 08:16:03.012,117.46,1
2025-01-25 08:16:16.786,117.46999999999998,55
2025-01-25 08:16:16.787,117.46999999999998,42
2025-01-25 08:16:16.788,117.47,24
2025-01-25 08:16:20.426,117.47,4
2025-01-25 08:16:20.436,117.47,1
2025-01-25 08:16:20.708,117.47,8
2025-01-25 08:16:47.831,117.47,1
2025-01-25 08:16:58.705,117.48,3
2025-01-25 08:16:58.815,117.48,5
2025-01-25 08:16:58.816,117.48,16
2025-01-25 08:16:59.085,117.48,1
2025-01-25 08:16:59.122,117.48,3
2025-01-25 08:16:59.218,117.48,2
2025-01-25 08:16:59.219,117.48,3
2025-01-25 08:17:00.002,117.48,1
2025-01-25 08:17:00.119,117.48,1
2025-01-25 08:17:00.285,117.48,4
2025-01-25 08:17:00.414,117.48,1
2025-01-25 08:17:00.417,117.48,5
2025-01-25 08:17:00.596,117.48,1
2025-01-25 08:17:14.635,117.47,7
2025-01-25 08:17:26.792,117.48,6
2025-01-25 08:17:26.793,117.48,1
2025-01-25 08:17:26.828,117.48,1
2025-01-25 08:17:26.834,117.48,1
2025-01-25 08:17:34.781,117.48,4
2025-01-25 08:17:34.782,117.48,1
2025-01-25 08:17:54.176,117.47999999999999,17
2025-01-25 08:17:54.177,117.48,4
2025-01-25 08:17:54.178,117.48,2
2025-01-25 08:17:54.220,117.48,1
2025-01-25 08:18:00.038,117.47,1
2025-01-25 08:18:01.126,117.48,5
2025-01-25 08:18:01.127,117.48,10
2025-01-25 08:18:01.382,117.48,11
2025-01-25 08:18:01.385,117.48,4
2025-01-25 08:18:01.404,117.48,2
2025-01-25 08:18:01.692,117.48,1
2025-01-25 08:18:04.911,117.48,6
2025-01-25 08:18:04.912,117.48,1
2025-01-25 08:18:09.190,117.47999999999999,9
2025-01-25 08:18:14.440,117.48,1
2025-01-25 08:18:14.442,117.48,1
2025-01-25 08:18:14.451,117.48,1
2025-01-25 08:18:33.254,117.48,5
2025-01-25 08:18:33.281,117.48,1
2025-01-25 08:18:36.190,117.47999999999999,10
2025-01-25 08:18:36.367,117.48,1
2025-01-25 08:18:37.736,117.49,55
2025-01-25 08:18:37.737,117.49,13
2025-01-25 08:18:38.161,117.49,1
2025-01-25 08:18:38.162,117.49,1
2025-01-25 08:18:42.092,117.48,4
2025-01-25 08:18:42.096,117.48,19
2025-01-25 08:18:42.097,117.48,1
2025-01-25 08:18:42.098,117.48,1
2025-01-25 08:18:42.138,117.48,10
2025-01-25 08:18:42.165,117.48,2
2025-01-25 08:18:51.485,117.48,4
2025-01-25 08:19:05.236,117.49,1
2025-01-25 08:19:05.262,117.48,1
2025-01-25 08:19:06.018,117.48,1
2025-01-25 08:19:22.731,117.49,1
2025-01-25 08:19:22.732,117.49,16
2025-01-25 08:19:22.770,117.49,3
2025-01-25 08:19:31.347,117.5,44
2025-01-25 08:19:31.348,117.5,17
2025-01-25 08:19:31.350,117.5,9
2025-01-25 08:19:31.358,117.5,1
2025-01-25 08:19:31.373,117.5,1
2025-01-25 08:19:31.399,117.51,1
2025-01-25 08:19:31.512,117.51,2
2025-01-25 08:19:36.481,117.51,1
2025-01-25 08:19:36.482,117.51,1
2025-01-25 08:19:48.828,117.5,12
2025-01-25 08:19:48.829,117.5,1
2025-01-25 08:19:48.830,117.5,3
2025-01-25 08:19:48.831,117.5,1
2025-01-25 08:19:48.854,117.5,2
2025-01-25 08:19:48.861,117.5,1
2025-01-25 08:19:48.865,117.5,1
2025-01-25 08:19:49.675,117.5,3
2025-01-25 08:19:50.557,117.5,8
2025-01-25 08:19:50.591,117.5,40
2025-01-25 08:19:50.592,117.5,1
2025-01-25 08:19:59.150,117.51000000000002,13
2025-01-25 08:19:59.283,117.51,3
2025-01-25 08:20:00.015,117.51,1
2025-01-25 08:20:00.041,117.51000000000002,26
2025-01-25 08:20:00.042,117.51125,15
2025-01-25 08:20:00.044,117.52,1
2025-01-25 08:20:00.051,117.51,1
2025-01-25 08:20:00.053,117.51,8
2025-01-25 08:20:00.126,117.51,5
2025-01-25 08:20:00.129,117.52,5
2025-01-25 08:20:00.185,117.51,5
2025-01-25 08:20:00.219,117.51,3
2025-01-25 08:20:00.320,117.52,1
2025-01-25 08:20:01.367,117.52,1
2025-01-25 08:20:01.405,117.51,3
2025-01-25 08:20:01.417,117.51,1
2025-01-25 08:20:03.947,117.5,49
2025-01-25 08:20:06.599,117.51,19
2025-01-25 08:20:06.600,117.51000000000002,15
2025-01-25 08:20:06.602,117.51,2
2025-01-25 08:20:06.705,117.51,5
2025-01-25 08:20:06.853,117.52,1
2025-01-25 08:20:06.976,117.52,1
2025-01-25 08:20:11.032,117.52,1
2025-01-25 08:20:12.795,117.51000000000002,8
2025-01-25 08:20:13.400,117.5,1
2025-01-25 08:20:14.326,117.51,1
2025-01-25 08:20:14.327,117.51,3
2025-01-25 08:20:16.384,117.51,1
2025-01-25 08:20:17.664,117.51,1
2025-01-25 08:20:17.678,117.51,2
2025-01-25 08:20:17.733,117.51,1
2025-01-25 08:20:19.010,117.5,44
2025-01-25 08:20:19.011,117.5,26
2025-01-25 08:20:19.021,117.5,25
2025-01-25 08:20:19.035,117.5,2
2025-01-25 08:20:21.254,117.51,3
2025-01-25 08:20:21.256,117.51,4
2025-01-25 08:20:22.164,117.5,2
2025-01-25 08:20:24.979,117.5,44
2025-01-25 08:20:24.990,117.5,29
2025-01-25 08:20:31.626,117.5,12
2025-01-25 08:20:31.651,117.5,1
2025-01-25 08:20:32.344,117.5,1
2025-01-25 08:20:33.970,117.5,2
2025-01-25 08:20:33.971,117.5,3
2025-01-25 08:20:33.998,117.5,1
2025-01-25 08:20:34.026,117.5,1
2025-01-25 08:20:38.962,117.48999999999998,12
2025-01-25 08:20:39.053,117.49,2
2025-01-25 08:20:52.948,117.49,1
2025-01-25 08:20:52.975,117.49,1
2025-01-25 08:20:53.001,117.48,1
2025-01-25 08:20:58.289,117.48,5
2025-01-25 08:20:58.290,117.47999999999999,8
2025-01-25 08:21:00.018,117.47,1
2025-01-25 08:21:00.036,117.48,1
2025-01-25 08:21:00.057,117.48,2
2025-01-25 08:21:00.066,117.48,2
2025-01-25 08:21:00.145,117.48,3
2025-01-25 08:21:00.187,117.48,2
2025-01-25 08:21:04.194,117.48,3
2025-01-25 08:21:04.972,117.48,20
2025-01-25 08:21:04.982,117.48,1
2025-01-25 08:21:04.998,117.48,1
2025-01-25 08:21:06.532,117.48,3
2025-01-25 08:21:06.825,117.49,1
2025-01-25 08:21:10.724,117.47,1
2025-01-25 08:21:12.872,117.48,9
2025-01-25 08:21:19.781,117.48,42
2025-01-25 08:21:19.816,117.48,5
2025-01-25 08:21:19.850,117.48,2
2025-01-25 08:21:31.500,117.48,14
2025-01-25 08:21:31.501,117.48,35
2025-01-25 08:21:32.123,117.48,3
2025-01-25 08:21:32.133,117.48,1
2025-01-25 08:21:32.134,117.48,1
2025-01-25 08:21:32.514,117.48,1
2025-01-25 08:21:35.466,117.48,1
2025-01-25 08:21:35.467,117.48,2
2025-01-25 08:21:35.468,117.48,1
2025-01-25 08:21:35.490,117.48,2
2025-01-25 08:21:35.862,117.47999999999999,8
2025-01-25 08:21:48.552,117.49,1
2025-01-25 08:21:55.035,117.48,1
2025-01-25 08:21:57.018,117.48,1
2025-01-25 08:21:58.262,117.48,4
2025-01-25 08:22:00.167,117.48,2
2025-01-25 08:22:00.239,117.48,2
2025-01-25 08:22:00.266,117.48,1
2025-01-25 08:22:00.267,117.48,3
2025-01-25 08:22:01.018,117.49,1
2025-01-25 08:22:01.142,117.48,1
2025-01-25 08:22:05.864,117.49,1
2025-01-25 08:22:05.865,117.48,8
2025-01-25 08:22:05.964,117.48,1
2025-01-25 08:22:10.414,117.47,1
2025-01-25 08:22:16.017,117.47,1
2025-01-25 08:22:18.550,117.47,1
2025-01-25 08:22:20.172,117.47,9
2025-01-25 08:22:20.173,117.47,119
2025-01-25 08:22:20.174,117.47,1
2025-01-25 08:22:20.175,117.47,12
2025-01-25 08:22:20.179,117.47,1
2025-01-25 08:22:20.180,117.47,4
2025-01-25 08:22:20.181,117.47,3
2025-01-25 08:22:20.184,117.47,16
2025-01-25 08:22:20.197,117.47,1
2025-01-25 08:22:20.198,117.47,1
2025-01-25 08:22:20.385,117.46999999999998,32
2025-01-25 08:22:27.911,117.48,7
2025-01-25 08:22:27.912,117.48,29
2025-01-25 08:22:27.913,117.47999999999999,8
2025-01-25 08:22:27.937,117.48,1
2025-01-25 08:22:27.938,117.48,2
2025-01-25 08:22:27.939,117.48,1
2025-01-25 08:22:27.947,117.48,1
2025-01-25 08:22:28.078,117.48,1
2025-01-25 08:22:29.627,117.47999999999999,36
2025-01-25 08:22:29.628,117.48,4
2025-01-25 08:22:29.675,117.48,1
2025-01-25 08:22:32.542,117.49,1
2025-01-25 08:22:32.880,117.48,7
2025-01-25 08:22:35.234,117.48,25
2025-01-25 08:22:35.664,117.48,5
2025-01-25 08:22:36.123,117.49,1
2025-01-25 08:22:40.999,117.48,1
2025-01-25 08:22:41.000,117.48,4
2025-01-25 08:22:41.186,117.48,1
2025-01-25 08:22:41.396,117.48,4
2025-01-25 08:22:54.017,117.47,1
2025-01-25 08:23:00.019,117.475,2
2025-01-25 08:23:00.153,117.47,47
2025-01-25 08:23:00.154,117.47,21
2025-01-25 08:23:00.155,117.47000000000001,45
2025-01-25 08:23:00.164,117.47,45
2025-01-25 08:23:00.165,117.46999999999998,24
2025-01-25 08:23:00.166,117.47,1
2025-01-25 08:23:00.176,117.47,9
2025-01-25 08:23:00.186,117.47,1
2025-01-25 08:23:00.190,117.47,2
2025-01-25 08:23:00.225,117.47,11
2025-01-25 08:23:00.263,117.47,3
2025-01-25 08:23:00.313,117.47,1
2025-01-25 08:23:00.399,117.47,1
2025-01-25 08:23:00.497,117.47,2
2025-01-25 08:23:04.920,117.46999999999998,15
2025-01-25 08:23:04.921,117.47,7
2025-01-25 08:23:05.850,117.48,1
2025-01-25 08:23:07.351,117.46999999999998,3
2025-01-25 08:23:08.029,117.47,1
2025-01-25 08:23:08.328,117.48,2
2025-01-25 08:23:09.635,117.48,1
2025-01-25 08:23:11.320,117.47,1
2025-01-25 08:23:11.350,117.47,1
2025-01-25 08:23:11.462,117.47,3
2025-01-25 08:23:13.979,117.48,5
2025-01-25 08:23:13.980,117.47999999999999,6
2025-01-25 08:23:13.983,117.48,1
2025-01-25 08:23:13.984,117.48,2
2025-01-25 08:23:15.870,117.48,5
2025-01-25 08:23:15.871,117.48,3
2025-01-25 08:23:20.273,117.48,3
2025-01-25 08:23:23.082,117.48,12
2025-01-25 08:23:23.115,117.48,1
2025-01-25 08:23:28.115,117.48,4
2025-01-25 08:23:28.178,117.48,1
2025-01-25 08:23:34.106,117.48,17
2025-01-25 08:23:34.109,117.48,1
2025-01-25 08:23:34.116,117.48,1
2025-01-25 08:23:37.916,117.48,16
2025-01-25 08:23:37.920,117.48,3
2025-01-25 08:23:37.959,117.48,1
2025-01-25 08:23:38.418,117.48,1
2025-01-25 08:23:51.017,117.47,1
2025-01-25 08:23:55.020,117.475,2
2025-01-25 08:23:55.021,117.48,14
2025-01-25 08:23:55.031,117.48,1
2025-01-25 08:23:58.183,117.49,1
2025-01-25 08:23:58.697,117.48,2
2025-01-25 08:23:58.698,117.48,1
2025-01-25 08:23:58.700,117.48,4
2025-01-25 08:23:58.701,117.48,1
2025-01-25 08:23:59.846,117.48,3
2025-01-25 08:24:00.022,117.48,1
2025-01-25 08:24:00.023,117.48,3
2025-01-25 08:24:00.144,117.48,5
2025-01-25 08:24:01.599,117.48,4
2025-01-25 08:24:01.600,117.48,3
2025-01-25 08:24:01.983,117.48,2
2025-01-25 08:24:05.799,117.48,1
2025-01-25 08:24:09.088,117.48,1
2025-01-25 08:24:09.090,117.48,12
2025-01-25 08:24:09.124,117.48,1
2025-01-25 08:24:10.248,117.48,5
2025-01-25 08:24:10.293,117.48,4
2025-01-25 08:24:12.109,117.47,15
2025-01-25 08:24:12.110,117.46999999999998,22
2025-01-25 08:24:12.229,117.47,1
2025-01-25 08:24:14.031,117.47,3
2025-01-25 08:24:16.689,117.46999999999998,14
2025-01-25 08:24:23.552,117.47,2
2025-01-25 08:24:23.620,117.47,2
2025-01-25 08:24:27.234,117.46999999999998,6
2025-01-25 08:24:27.235,117.47,1
2025-01-25 08:24:27.351,117.47,1
2025-01-25 08:24:34.865,117.47,1
2025-01-25 08:24:34.866,117.46999999999998,5
2025-01-25 08:24:34.877,117.47,1
2025-01-25 08:24:34.891,117.47,1
2025-01-25 08:24:38.992,117.47,2
2025-01-25 08:24:38.993,117.47,11
2025-01-25 08:24:45.819,117.48,1
2025-01-25 08:24:49.898,117.48,1
2025-01-25 08:24:49.900,117.48,1
2025-01-25 08:24:49.904,117.48,1
2025-01-25 08:24:50.711,117.48,3
2025-01-25 08:24:50.712,117.48,1
2025-01-25 08:24:50.746,117.48,1
2025-01-25 08:24:56.005,117.49,8
2025-01-25 08:25:00.008,117.49,3
2025-01-25 08:25:00.009,117.49,7
2025-01-25 08:25:00.010,117.49,4
2025-01-25 08:25:00.020,117.49,1
2025-01-25 08:25:00.021,117.49,1
2025-01-25 08:25:00.453,117.49,4
2025-01-25 08:25:00.534,117.5,5
2025-01-25 08:25:00.536,117.5,3
2025-01-25 08:25:01.117,117.5,2
2025-01-25 08:25:06.193,117.5,50
2025-01-25 08:25:06.194,117.5,38
2025-01-25 08:25:06.195,117.5,5
2025-01-25 08:25:11.731,117.51,1
2025-01-25 08:25:15.338,117.51000000000002,7
2025-01-25 08:25:15.339,117.51,15
2025-01-25 08:25:15.353,117.51,25
2025-01-25 08:25:15.354,117.51,13
2025-01-25 08:25:15.406,117.51,8
2025-01-25 08:25:16.050,117.52,6
2025-01-25 08:25:16.059,117.52,1
2025-01-25 08:25:16.060,117.52,1
2025-01-25 08:25:16.061,117.52,1
2025-01-25 08:25:17.010,117.52,5
2025-01-25 08:25:17.011,117.52,6
2025-01-25 08:25:17.185,117.52,2
2025-01-25 08:25:18.372,117.52,6
2025-01-25 08:25:18.585,117.52,1
2025-01-25 08:25:18.611,117.52,4
2025-01-25 08:25:18.614,117.52,1
2025-01-25 08:25:18.637,117.52,1
2025-01-25 08:25:19.414,117.52,16
2025-01-25 08:25:19.415,117.52,2
2025-01-25 08:25:19.449,117.52,1
2025-01-25 08:25:19.589,117.52,6
2025-01-25 08:25:20.604,117.52,6
2025-01-25 08:25:22.747,117.52,1
2025-01-25 08:25:38.512,117.52,3
2025-01-25 08:25:38.513,117.52,13
2025-01-25 08:25:38.546,117.52,4
2025-01-25 08:25:38.547,117.52,2
2025-01-25 08:25:38.551,117.52,1
2025-01-25 08:25:38.568,117.52,1
2025-01-25 08:25:38.587,117.52,1
2025-01-25 08:25:39.315,117.52,1
2025-01-25 08:25:40.659,117.52,1
2025-01-25 08:25:42.038,117.52,4
2025-01-25 08:25:49.667,117.52,1
2025-01-25 08:25:53.402,117.515,2
2025-01-25 08:25:56.886,117.51,7
2025-01-25 08:25:56.887,117.51,14
2025-01-25 08:25:56.920,117.51,1
2025-01-25 08:25:56.922,117.51,4
2025-01-25 08:25:56.958,117.51,1
2025-01-25 08:26:00.367,117.5,10
2025-01-25 08:26:00.393,117.5,1
2025-01-25 08:26:02.249,117.5,7
2025-01-25 08:26:02.250,117.5,29
2025-01-25 08:26:02.293,117.5,11
2025-01-25 08:26:03.992,117.5,7
2025-01-25 08:26:04.003,117.5,1
2025-01-25 08:26:06.916,117.51,9
2025-01-25 08:26:12.174,117.51,1
2025-01-25 08:26:15.022,117.5,1
2025-01-25 08:26:15.048,117.51,1
2025-01-25 08:26:15.049,117.51,12
2025-01-25 08:26:15.050,117.51,2
2025-01-25 08:26:21.238,117.52,2
2025-01-25 08:26:21.424,117.52,2
2025-01-25 08:26:24.792,117.51,4
2025-01-25 08:26:24.806,117.51,5
2025-01-25 08:26:24.845,117.51,11
2025-01-25 08:26:24.888,117.51,1
2025-01-25 08:26:29.361,117.51,2
2025-01-25 08:26:30.277,117.51,10
2025-01-25 08:26:30.281,117.51,1
2025-01-25 08:26:31.349,117.51,1
2025-01-25 08:26:31.390,117.51,1
2025-01-25 08:26:35.007,117.51,9
2025-01-25 08:26:41.347,117.505,2
2025-01-25 08:26:46.329,117.51,1
2025-01-25 08:27:00.023,117.505,2
2025-01-25 08:27:00.985,117.51,21
2025-01-25 08:27:00.986,117.51,4
2025-01-25 08:27:14.919,117.51,5
2025-01-25 08:27:20.017,117.51,1
2025-01-25 08:27:29.015,117.515,2
2025-01-25 08:27:37.077,117.52,1
2025-01-25 08:27:38.511,117.52,3
2025-01-25 08:27:38.512,117.52,13
2025-01-25 08:27:38.571,117.52,11
2025-01-25 08:27:43.808,117.52000000000001,19
2025-01-25 08:27:43.836,117.52,1
2025-01-25 08:27:51.509,117.52,2
2025-01-25 08:27:51.510,117.52,2
2025-01-25 08:27:52.333,117.52,2
2025-01-25 08:27:58.017,117.51,1
2025-01-25 08:28:01.166,117.51,4
2025-01-25 08:28:02.126,117.51,1
2025-01-25 08:28:16.032,117.51,1
2025-01-25 08:28:17.018,117.51,1
2025-01-25 08:28:22.713,117.51,35
2025-01-25 08:28:22.714,117.51,3
2025-01-25 08:28:22.753,117.51,3
2025-01-25 08:28:22.756,117.51,3
2025-01-25 08:28:23.604,117.5,1
2025-01-25 08:28:28.041,117.51,1
2025-01-25 08:28:29.327,117.51,1
2025-01-25 08:28:35.390,117.5,3
2025-01-25 08:28:35.452,117.5,2
2025-01-25 08:28:36.017,117.5,1
2025-01-25 08:28:38.440,117.51000000000002,10
2025-01-25 08:28:38.441,117.51,1
2025-01-25 08:28:46.195,117.5,4
2025-01-25 08:28:47.279,117.5,31
2025-01-25 08:28:47.316,117.5,1
2025-01-25 08:28:47.318,117.5,1
2025-01-25 08:28:47.350,117.5,1
2025-01-25 08:28:47.764,117.5,1
2025-01-25 08:28:47.885,117.5,1
2025-01-25 08:28:48.089,117.5,5
2025-01-25 08:28:51.168,117.51,13
2025-01-25 08:28:51.169,117.51,1
2025-01-25 08:28:55.065,117.52,1
2025-01-25 08:28:56.389,117.51,4
2025-01-25 08:28:56.390,117.51,11
2025-01-25 08:29:00.165,117.51,1
2025-01-25 08:29:01.284,117.5,3
2025-01-25 08:29:02.144,117.5,1
2025-01-25 08:29:12.558,117.5,15
2025-01-25 08:29:12.593,117.5,1
2025-01-25 08:29:12.595,117.5,1
2025-01-25 08:29:12.665,117.5,1
2025-01-25 08:29:14.017,117.49,1
2025-01-25 08:29:15.005,117.5,1
2025-01-25 08:29:15.384,117.5,1
2025-01-25 08:29:20.632,117.5,4
2025-01-25 08:29:21.001,117.49,1
2025-01-25 08:29:21.478,117.5,1
2025-01-25 08:29:21.804,117.49,3
2025-01-25 08:29:21.893,117.5,1
2025-01-25 08:29:21.993,117.5,1
2025-01-25 08:29:22.555,117.5,1
2025-01-25 08:29:22.590,117.5,1
2025-01-25 08:29:24.883,117.49,19
2025-01-25 08:29:24.884,117.48999999999998,31
2025-01-25 08:29:24.921,117.5,1
2025-01-25 08:29:32.223,117.5,12
2025-01-25 08:29:44.387,117.5,12
2025-01-25 08:29:44.424,117.5,1
2025-01-25 08:29:44.454,117.5,1
2025-01-25 08:29:44.461,117.5,1
2025-01-25 08:29:50.129,117.49,12
2025-01-25 08:29:50.152,117.49,1
2025-01-25 08:29:50.163,117.49,1
2025-01-25 08:29:50.197,117.48,1
2025-01-25 08:29:50.311,117.49,1
2025-01-25 08:29:52.017,117.48,1
2025-01-25 08:29:55.175,117.47999999999999,8
2025-01-25 08:29:55.200,117.48,1
2025-01-25 08:29:57.114,117.47,7
2025-01-25 08:29:57.119,117.46,1
2025-01-25 08:29:57.120,117.46,1
2025-01-25 08:29:57.152,117.47,1
2025-01-25 08:29:57.169,117.46999999999998,13
2025-01-25 08:29:57.561,117.46999999999998,21
2025-01-25 08:29:58.248,117.47,1
2025-01-25 08:29:58.278,117.47,1
2025-01-25 08:30:35.193,117.23,5
2025-01-25 08:30:35.194,117.23,11
2025-01-25 08:30:35.196,117.24,4
2025-01-25 08:30:35.198,117.23,1
2025-01-25 08:30:35.199,117.22999999999999,5
2025-01-25 08:30:35.203,117.23,1
2025-01-25 08:30:35.251,117.24,1
2025-01-25 08:30:35.811,117.23,3
2025-01-25 08:30:35.947,117.22,13
2025-01-25 08:30:36.114,117.22,1
2025-01-25 08:30:36.115,117.21333333333332,4
2025-01-25 08:30:36.116,117.22,1
2025-01-25 08:30:36.142,117.21,3
2025-01-25 08:30:37.125,117.2,9
2025-01-25 08:30:37.154,117.2,1
2025-01-25 08:30:37.377,117.21,4
2025-01-25 08:30:37.378,117.21,1
2025-01-25 08:30:37.474,117.22,1
2025-01-25 08:30:37.778,117.22,1
2025-01-25 08:30:38.014,117.22,1
2025-01-25 08:30:38.253,117.22,1
2025-01-25 08:30:38.930,117.22,2
2025-01-25 08:30:39.030,117.22,1
2025-01-25 08:30:39.532,117.23,1
2025-01-25 08:30:39.739,117.23,1
2025-01-25 08:30:40.504,117.24,13
2025-01-25 08:30:40.507,117.25,4
2025-01-25 08:30:40.508,117.25,1
2025-01-25 08:30:40.542,117.24,1
2025-01-25 08:30:40.543,117.24,3
2025-01-25 08:30:40.545,117.24,1
2025-01-25 08:30:40.619,117.24,1
2025-01-25 08:30:40.620,117.24,1
2025-01-25 08:30:40.624,117.25,7
2025-01-25 08:30:40.670,117.24,6
2025-01-25 08:30:40.952,117.23,1
2025-01-25 08:30:40.962,117.24,1
2025-01-25 08:30:41.161,117.24,2
2025-01-25 08:30:41.672,117.24,2
2025-01-25 08:30:42.024,117.24,2
2025-01-25 08:30:42.165,117.24,1
2025-01-25 08:30:42.257,117.25,2
2025-01-25 08:30:42.554,117.25,9
2025-01-25 08:30:42.663,117.25,4
2025-01-25 08:30:42.664,117.25,4
2025-01-25 08:30:42.665,117.25,1
2025-01-25 08:30:43.001,117.24,2
2025-01-25 08:30:43.003,117.24,1
2025-01-25 08:30:43.299,117.25,2
2025-01-25 08:30:43.643,117.24,1
2025-01-25 08:30:44.171,117.24,9
2025-01-25 08:30:45.098,117.25,16
2025-01-25 08:30:45.127,117.25,1
2025-01-25 08:30:45.128,117.25,1
2025-01-25 08:30:45.349,117.26,3
2025-01-25 08:30:45.351,117.26,2
2025-01-25 08:30:45.449,117.26,10
2025-01-25 08:30:45.570,117.26,4
2025-01-25 08:30:45.653,117.26,1
2025-01-25 08:30:45.729,117.26,3
2025-01-25 08:30:45.734,117.27,4
2025-01-25 08:30:45.735,117.27,32
2025-01-25 08:30:45.736,117.26,3
2025-01-25 08:30:45.737,117.26,18
2025-01-25 08:30:45.752,117.26,1
2025-01-25 08:30:46.042,117.26,1
2025-01-25 08:30:46.137,117.2625,5
2025-01-25 08:30:46.328,117.26,3
2025-01-25 08:30:46.338,117.26,4
2025-01-25 08:30:46.339,117.26,1
2025-01-25 08:30:46.427,117.25,23
2025-01-25 08:30:46.492,117.26,5
2025-01-25 08:30:46.615,117.26,7
2025-01-25 08:30:46.619,117.25,3
2025-01-25 08:30:46.623,117.25,2
2025-01-25 08:30:46.904,117.26,7
2025-01-25 08:30:47.233,117.26,1
2025-01-25 08:30:47.370,117.25,13
2025-01-25 08:30:47.522,117.26,2
2025-01-25 08:30:47.525,117.26,1
2025-01-25 08:30:47.526,117.26,1
2025-01-25 08:30:47.535,117.26,1
2025-01-25 08:30:47.814,117.26,1
2025-01-25 08:30:48.046,117.26,2
2025-01-25 08:30:48.047,117.26,1
2025-01-25 08:30:48.176,117.26,3
2025-01-25 08:30:48.198,117.26,2
2025-01-25 08:30:48.387,117.26,5
2025-01-25 08:30:48.758,117.26,1
2025-01-25 08:30:48.760,117.26,2
2025-01-25 08:30:48.866,117.26,9
2025-01-25 08:30:48.867,117.26,1
2025-01-25 08:30:49.092,117.25,2
2025-01-25 08:30:49.093,117.25,12
2025-01-25 08:30:49.103,117.25,1
2025-01-25 08:30:49.104,117.25,1
2025-01-25 08:30:49.105,117.25,1
2025-01-25 08:30:49.185,117.25,2
2025-01-25 08:30:49.186,117.25,1
2025-01-25 08:30:49.199,117.25,2
2025-01-25 08:30:49.260,117.25,1
2025-01-25 08:30:49.542,117.24,4
2025-01-25 08:30:49.543,117.24,2
2025-01-25 08:30:49.621,117.25,12
2025-01-25 08:30:49.990,117.24,4
2025-01-25 08:30:50.041,117.24,1
2025-01-25 08:30:50.079,117.24,2
2025-01-25 08:30:50.111,117.24,1
2025-01-25 08:30:50.164,117.24,2
2025-01-25 08:30:50.263,117.24,1
2025-01-25 08:30:50.496,117.23,19
2025-01-25 08:30:50.552,117.24,6
2025-01-25 08:30:50.559,117.24,1
2025-01-25 08:30:50.567,117.23,1
2025-01-25 08:30:50.651,117.24,1
2025-01-25 08:30:50.868,117.24,2
2025-01-25 08:30:50.869,117.24,1
2025-01-25 08:30:50.978,117.25,3
2025-01-25 08:30:50.981,117.24,1
2025-01-25 08:30:51.616,117.24,2
2025-01-25 08:30:51.617,117.24,16
2025-01-25 08:30:51.788,117.25,5
2025-01-25 08:30:51.789,117.25,5
2025-01-25 08:30:52.085,117.23,1
2025-01-25 08:30:52.086,117.23,1
2025-01-25 08:30:52.087,117.23,1
2025-01-25 08:30:52.350,117.23,2
2025-01-25 08:30:52.467,117.24,1
2025-01-25 08:30:52.468,117.24,7
2025-01-25 08:30:52.627,117.24,1
2025-01-25 08:30:52.655,117.23,4
2025-01-25 08:30:52.961,117.23,5
2025-01-25 08:30:52.981,117.23,4
2025-01-25 08:30:53.085,117.23,7
2025-01-25 08:30:53.119,117.23,4
2025-01-25 08:30:53.285,117.23,5
2025-01-25 08:30:53.447,117.24,3
2025-01-25 08:30:53.473,117.24,1
2025-01-25 08:30:53.764,117.25,4
2025-01-25 08:30:54.039,117.25,1
2025-01-25 08:30:54.636,117.24,33
2025-01-25 08:30:54.642,117.24,1
2025-01-25 08:30:55.869,117.23,1
2025-01-25 08:30:57.260,117.24,4
2025-01-25 08:30:57.350,117.24,3
2025-01-25 08:30:57.803,117.24,2
2025-01-25 08:30:57.804,117.23,5
2025-01-25 08:30:57.823,117.23,5
2025-01-25 08:30:57.843,117.23,4
2025-01-25 08:30:58.483,117.23,2
2025-01-25 08:30:58.938,117.24,6
2025-01-25 08:30:59.129,117.23,2
2025-01-25 08:30:59.209,117.22,2
2025-01-25 08:30:59.231,117.22,4
2025-01-25 08:30:59.420,117.21,1
2025-01-25 08:30:59.436,117.21,1
2025-01-25 08:30:59.467,117.21,1
2025-01-25 08:30:59.686,117.21,2
2025-01-25 08:30:59.687,117.21,1
2025-01-25 08:30:59.724,117.21,1
2025-01-25 08:31:00.035,117.22,6
2025-01-25 08:31:00.101,117.22,2
2025-01-25 08:31:00.102,117.22,2
2025-01-25 08:31:00.103,117.22,4
2025-01-25 08:31:00.145,117.21,1
2025-01-25 08:31:00.146,117.21,3
2025-01-25 08:31:00.203,117.21,2
2025-01-25 08:31:00.264,117.22,9
2025-01-25 08:31:00.324,117.22,3
2025-01-25 08:31:00.325,117.22,7
2025-01-25 08:31:00.441,117.22,1
2025-01-25 08:31:00.449,117.23,22
2025-01-25 08:31:00.522,117.22,7
2025-01-25 08:31:00.564,117.21,6
2025-01-25 08:31:00.926,117.21,1
2025-01-25 08:31:00.927,117.21,3
2025-01-25 08:31:01.015,117.2,13
2025-01-25 08:31:01.031,117.21,4
2025-01-25 08:31:01.107,117.21,3
2025-01-25 08:31:01.111,117.21,1
2025-01-25 08:31:01.112,117.21,1
2025-01-25 08:31:01.121,117.21,1
2025-01-25 08:31:01.130,117.21,3
2025-01-25 08:31:01.174,117.21,1
2025-01-25 08:31:01.175,117.21,2
2025-01-25 08:31:01.648,117.21,3
2025-01-25 08:31:01.715,117.21,1
2025-01-25 08:31:01.774,117.21,1
2025-01-25 08:31:01.951,117.21,16
2025-01-25 08:31:01.952,117.21666666666665,10
2025-01-25 08:31:01.953,117.22,1
2025-01-25 08:31:01.954,117.22833333333334,28
2025-01-25 08:31:01.955,117.22428571428573,13
2025-01-25 08:31:01.956,117.23,2
2025-01-25 08:31:01.960,117.23,4
2025-01-25 08:31:01.962,117.23,3
2025-01-25 08:31:01.963,117.23,3
2025-01-25 08:31:01.964,117.23,2
2025-01-25 08:31:01.974,117.24,1
2025-01-25 08:31:01.996,117.23,1
2025-01-25 08:31:01.997,117.23,1
2025-01-25 08:31:02.019,117.23,2
2025-01-25 08:31:02.038,117.23,1
2025-01-25 08:31:02.044,117.22,1
2025-01-25 08:31:02.177,117.22,3
2025-01-25 08:31:02.547,117.21999999999998,4
2025-01-25 08:31:02.548,117.22,2
2025-01-25 08:31:02.730,117.22,2
2025-01-25 08:31:02.754,117.21999999999998,6
2025-01-25 08:31:02.791,117.22,2
2025-01-25 08:31:02.829,117.22,1
2025-01-25 08:31:02.877,117.22,1
2025-01-25 08:31:02.878,117.22,1
2025-01-25 08:31:02.914,117.22,1
2025-01-25 08:31:03.223,117.22,4
2025-01-25 08:31:03.258,117.22,3
2025-01-25 08:31:03.499,117.23,5
2025-01-25 08:31:03.500,117.23,1
2025-01-25 08:31:04.086,117.22,1
2025-01-25 08:31:04.115,117.22,2
2025-01-25 08:31:04.194,117.22,1
2025-01-25 08:31:04.707,117.21999999999998,10
2025-01-25 08:31:05.209,117.21999999999998,7
2025-01-25 08:31:06.088,117.22,9
2025-01-25 08:31:06.590,117.23,9
2025-01-25 08:31:06.591,117.23,1
2025-01-25 08:31:06.592,117.23,2
2025-01-25 08:31:06.622,117.23,2
2025-01-25 08:31:06.838,117.22,2
2025-01-25 08:31:06.840,117.22,2
2025-01-25 08:31:06.841,117.22,3
2025-01-25 08:31:06.844,117.22,1
2025-01-25 08:31:06.845,117.22,2
2025-01-25 08:31:06.862,117.22,1
2025-01-25 08:31:07.110,117.22,3
2025-01-25 08:31:07.763,117.21,13
2025-01-25 08:31:07.764,117.21,88
2025-01-25 08:31:08.454,117.21,23
2025-01-25 08:31:08.455,117.21,1
2025-01-25 08:31:08.599,117.21999999999998,18
2025-01-25 08:31:08.626,117.22,2
2025-01-25 08:31:08.627,117.22,1
2025-01-25 08:31:08.666,117.22,1
2025-01-25 08:31:08.880,117.22,3
2025-01-25 08:31:10.110,117.21999999999998,4
2025-01-25 08:31:10.392,117.22,2
2025-01-25 08:31:10.732,117.22999999999999,27
2025-01-25 08:31:10.898,117.23,2
2025-01-25 08:31:11.316,117.22,1
2025-01-25 08:31:11.319,117.22,6
2025-01-25 08:31:11.589,117.22,1
2025-01-25 08:31:11.734,117.22,3
2025-01-25 08:31:11.735,117.22,3
2025-01-25 08:31:11.736,117.21999999999998,4
2025-01-25 08:31:11.761,117.22,1
2025-01-25 08:31:12.119,117.21,26
2025-01-25 08:31:12.120,117.21,33
2025-01-25 08:31:12.538,117.21,6
2025-01-25 08:31:12.936,117.2,1
2025-01-25 08:31:13.139,117.19000000000001,13
2025-01-25 08:31:13.163,117.19,1
2025-01-25 08:31:14.346,117.18,1
2025-01-25 08:31:14.347,117.18,6
2025-01-25 08:31:14.952,117.18,2
2025-01-25 08:31:15.060,117.18,1
2025-01-25 08:31:15.061,117.18,11
2025-01-25 08:31:15.108,117.17,8
2025-01-25 08:31:15.271,117.18,1
2025-01-25 08:31:15.323,117.19,3
2025-01-25 08:31:15.567,117.19,11
2025-01-25 08:31:15.933,117.19,4
2025-01-25 08:31:16.252,117.19,8
2025-01-25 08:31:16.291,117.19,2
2025-01-25 08:31:16.951,117.19,1
2025-01-25 08:31:17.662,117.19,4
2025-01-25 08:31:18.312,117.19,2
2025-01-25 08:31:18.382,117.19,3
2025-01-25 08:31:18.580,117.18,28
2025-01-25 08:31:18.606,117.18,11
2025-01-25 08:31:18.610,117.19,1
2025-01-25 08:31:18.628,117.18,11
2025-01-25 08:31:20.181,117.18,3
2025-01-25 08:31:20.182,117.18,14
2025-01-25 08:31:20.331,117.18,7
2025-01-25 08:31:21.720,117.18,1
2025-01-25 08:31:22.062,117.17,19
2025-01-25 08:31:22.315,117.16,1
2025-01-25 08:31:22.316,117.16,8
2025-01-25 08:31:22.322,117.16,1
2025-01-25 08:31:22.366,117.16,1
2025-01-25 08:31:22.427,117.16000000000001,4
2025-01-25 08:31:22.428,117.16,3
2025-01-25 08:31:22.503,117.17,1
2025-01-25 08:31:22.508,117.17,8
2025-01-25 08:31:23.146,117.18,9
2025-01-25 08:31:23.683,117.19,3
2025-01-25 08:31:23.716,117.19,5
2025-01-25 08:31:24.375,117.2,7
2025-01-25 08:31:24.404,117.2,1
2025-01-25 08:31:25.847,117.19000000000001,23
2025-01-25 08:31:25.880,117.19,1
2025-01-25 08:31:25.913,117.19,1
2025-01-25 08:31:26.127,117.18,2
2025-01-25 08:31:26.128,117.18,17
2025-01-25 08:31:26.638,117.18,1
2025-01-25 08:31:27.246,117.19,1
2025-01-25 08:31:28.207,117.19,1
2025-01-25 08:31:28.658,117.19,1
2025-01-25 08:31:29.508,117.19,7
2025-01-25 08:31:29.526,117.2,1
2025-01-25 08:31:29.592,117.2,1
2025-01-25 08:31:29.593,117.2,4
2025-01-25 08:31:29.596,117.2,1
2025-01-25 08:31:30.229,117.2,11
2025-01-25 08:31:30.282,117.2,1
2025-01-25 08:31:31.451,117.2,2
2025-01-25 08:31:32.286,117.2,1
2025-01-25 08:31:32.646,117.2,10
2025-01-25 08:31:32.813,117.2,1
2025-01-25 08:31:33.363,117.2,3
2025-01-25 08:31:33.373,117.2,1
2025-01-25 08:31:33.384,117.2,1
2025-01-25 08:31:33.545,117.2,7
2025-01-25 08:31:33.546,117.2,1
2025-01-25 08:31:34.034,117.21,8
2025-01-25 08:31:34.209,117.21,4
2025-01-25 08:31:34.337,117.21,2
2025-01-25 08:31:34.401,117.22,1
2025-01-25 08:31:34.402,117.22,3
2025-01-25 08:31:34.403,117.22,1
2025-01-25 08:31:34.562,117.22,1
2025-01-25 08:31:34.566,117.22,2
2025-01-25 08:31:34.897,117.22,1
2025-01-25 08:31:35.006,117.22,1
2025-01-25 08:31:35.111,117.22,7
2025-01-25 08:31:35.502,117.23,1
2025-01-25 08:31:35.503,117.23,1
2025-01-25 08:31:35.568,117.23,1
2025-01-25 08:31:35.570,117.23,7
2025-01-25 08:31:35.644,117.24,1
2025-01-25 08:31:35.645,117.24,13
2025-01-25 08:31:35.651,117.24,3
2025-01-25 08:31:35.673,117.24,1
2025-01-25 08:31:35.837,117.24,1
2025-01-25 08:31:36.152,117.24,1
2025-01-25 08:31:36.890,117.24,2
2025-01-25 08:31:36.891,117.24,2
2025-01-25 08:31:36.897,117.24,3
2025-01-25 08:31:36.960,117.24,14
2025-01-25 08:31:37.205,117.24,2
2025-01-25 08:31:37.577,117.24,2
2025-01-25 08:31:37.578,117.24,2
2025-01-25 08:31:38.401,117.25,2
2025-01-25 08:31:38.402,117.25,3
2025-01-25 08:31:38.403,117.25,2
2025-01-25 08:31:38.763,117.26,3
2025-01-25 08:31:38.769,117.26,1
2025-01-25 08:31:38.871,117.26,3
2025-01-25 08:31:39.041,117.26,2
2025-01-25 08:31:39.049,117.26,2
2025-01-25 08:31:39.050,117.26,2
2025-01-25 08:31:39.052,117.26,6
2025-01-25 08:31:39.612,117.25,17
2025-01-25 08:31:39.623,117.25,1
2025-01-25 08:31:39.752,117.25,1
2025-01-25 08:31:39.867,117.255,6
2025-01-25 08:31:40.050,117.25,4
2025-01-25 08:31:40.735,117.25,1
2025-01-25 08:31:40.912,117.25,8
2025-01-25 08:31:40.944,117.25,1
2025-01-25 08:31:41.247,117.25,3
2025-01-25 08:31:41.425,117.25,2
2025-01-25 08:31:41.833,117.25,3
2025-01-25 08:31:42.003,117.25,1
2025-01-25 08:31:42.064,117.25,14
2025-01-25 08:31:43.091,117.26,8
2025-01-25 08:31:43.151,117.26,2
2025-01-25 08:31:43.962,117.26,3
2025-01-25 08:31:44.377,117.26,3
2025-01-25 08:31:44.614,117.27,1
2025-01-25 08:31:45.230,117.27,1
2025-01-25 08:31:45.231,117.27,3
2025-01-25 08:31:45.232,117.27,2
2025-01-25 08:31:45.238,117.27,1
2025-01-25 08:31:45.275,117.27,1
2025-01-25 08:31:45.783,117.27,15
2025-01-25 08:31:46.224,117.27,2
2025-01-25 08:31:47.509,117.27,2
2025-01-25 08:31:47.510,117.27,1
2025-01-25 08:31:48.453,117.27,5
2025-01-25 08:31:49.077,117.27,3
2025-01-25 08:31:49.110,117.27,1
2025-01-25 08:31:50.794,117.26,1
2025-01-25 08:31:50.795,117.26,3
2025-01-25 08:31:50.828,117.26,1
2025-01-25 08:31:50.830,117.26,2
2025-01-25 08:31:50.863,117.26,1
2025-01-25 08:31:50.867,117.26,1
2025-01-25 08:31:51.214,117.26,1
2025-01-25 08:31:51.228,117.27,18
2025-01-25 08:31:51.229,117.27,23
2025-01-25 08:31:51.252,117.26,1
2025-01-25 08:31:51.253,117.26,1
2025-01-25 08:31:51.289,117.26,1
2025-01-25 08:31:51.354,117.26,1
2025-01-25 08:31:51.355,117.26,1
2025-01-25 08:31:51.808,117.27,1
2025-01-25 08:31:52.490,117.28,7
2025-01-25 08:31:52.516,117.28,1
2025-01-25 08:31:52.517,117.28,1
2025-01-25 08:31:52.548,117.28000000000002,4
2025-01-25 08:31:52.585,117.28,1
2025-01-25 08:31:52.589,117.28,1
2025-01-25 08:31:52.730,117.29,2
2025-01-25 08:31:53.027,117.29,3
2025-01-25 08:31:53.029,117.29,2
2025-01-25 08:31:53.084,117.29,1
2025-01-25 08:31:53.775,117.29,6
2025-01-25 08:31:53.858,117.3,3
2025-01-25 08:31:54.059,117.29,1
2025-01-25 08:31:54.259,117.3,1
2025-01-25 08:31:54.260,117.3,1
2025-01-25 08:31:54.392,117.3,2
2025-01-25 08:31:54.759,117.29,4
2025-01-25 08:31:55.045,117.29,4
2025-01-25 08:31:55.305,117.28000000000002,3
2025-01-25 08:31:55.339,117.28,1
2025-01-25 08:31:55.372,117.28,1
2025-01-25 08:31:55.466,117.27,2
2025-01-25 08:31:55.473,117.27,1
2025-01-25 08:31:55.492,117.27,1
2025-01-25 08:31:57.023,117.27,1
2025-01-25 08:31:57.842,117.28,2
2025-01-25 08:32:00.065,117.27,1
2025-01-25 08:32:00.084,117.27,1
2025-01-25 08:32:00.097,117.27,1
2025-01-25 08:32:00.132,117.27,1
2025-01-25 08:32:00.822,117.26,2
2025-01-25 08:32:00.840,117.25,2
2025-01-25 08:32:00.926,117.24,1
2025-01-25 08:32:00.927,117.24,1
2025-01-25 08:32:00.935,117.24,1
2025-01-25 08:32:00.979,117.24,1
2025-01-25 08:32:02.480,117.24,7
2025-01-25 08:32:02.481,117.24,24
2025-01-25 08:32:02.576,117.24,1
2025-01-25 08:32:02.577,117.25,1
2025-01-25 08:32:02.745,117.25,2
2025-01-25 08:32:03.279,117.25,1
2025-01-25 08:32:03.291,117.24,2
2025-01-25 08:32:03.313,117.25,1
2025-01-25 08:32:03.888,117.24,3
2025-01-25 08:32:03.889,117.24,1
2025-01-25 08:32:03.891,117.24,1
2025-01-25 08:32:03.892,117.24,1
2025-01-25 08:32:03.952,117.24,1
2025-01-25 08:32:03.962,117.24,2
2025-01-25 08:32:04.340,117.25,2
2025-01-25 08:32:04.341,117.25,2
2025-01-25 08:32:04.342,117.25,1
2025-01-25 08:32:04.912,117.26,3
2025-01-25 08:32:04.913,117.26,4
2025-01-25 08:32:04.921,117.26,7
2025-01-25 08:32:05.842,117.26,1
2025-01-25 08:32:05.884,117.26,1
2025-01-25 08:32:06.489,117.25,1
2025-01-25 08:32:06.786,117.25,1
2025-01-25 08:32:07.299,117.25,1
2025-01-25 08:32:08.015,117.25,1
2025-01-25 08:32:09.188,117.26,5
2025-01-25 08:32:09.189,117.26,4
2025-01-25 08:32:09.212,117.26,2
2025-01-25 08:32:09.232,117.26,1
2025-01-25 08:32:09.897,117.26,16
2025-01-25 08:32:10.008,117.27,12
2025-01-25 08:32:10.009,117.27,7
2025-01-25 08:32:10.485,117.27,24
2025-01-25 08:32:10.486,117.27,2
2025-01-25 08:32:10.526,117.27,1
2025-01-25 08:32:10.960,117.28,22
2025-01-25 08:32:10.961,117.28000000000002,3
2025-01-25 08:32:12.250,117.28,6
2025-01-25 08:32:12.251,117.28,2
2025-01-25 08:32:13.863,117.27000000000001,38
2025-01-25 08:32:13.898,117.27,1
2025-01-25 08:32:13.904,117.27,6
2025-01-25 08:32:13.905,117.27,8
2025-01-25 08:32:13.932,117.27,1
2025-01-25 08:32:16.788,117.26,12
2025-01-25 08:32:16.789,117.26,40
2025-01-25 08:32:16.809,117.26,1
2025-01-25 08:32:16.815,117.26,10
2025-01-25 08:32:16.824,117.26,1
2025-01-25 08:32:16.861,117.25,1
2025-01-25 08:32:16.866,117.25,15
2025-01-25 08:32:16.871,117.25,1
2025-01-25 08:32:17.669,117.24,3
2025-01-25 08:32:17.893,117.24,4
2025-01-25 08:32:18.261,117.24,1
2025-01-25 08:32:18.356,117.24,4
2025-01-25 08:32:18.357,117.24,3
2025-01-25 08:32:19.957,117.24,1
2025-01-25 08:32:21.008,117.25,2
2025-01-25 08:32:21.204,117.25,3
2025-01-25 08:32:21.594,117.26,7
2025-01-25 08:32:21.597,117.26,1
2025-01-25 08:32:21.598,117.26,1
2025-01-25 08:32:21.624,117.26,1
2025-01-25 08:32:21.850,117.25,4
2025-01-25 08:32:21.851,117.25,13
2025-01-25 08:32:21.889,117.25,1
2025-01-25 08:32:21.966,117.26,11
2025-01-25 08:32:21.967,117.26,1
2025-01-25 08:32:22.024,117.26,1
2025-01-25 08:32:22.070,117.26,1
2025-01-25 08:32:22.073,117.26,1
2025-01-25 08:32:22.655,117.26,6
2025-01-25 08:32:24.599,117.26,1
2025-01-25 08:32:24.670,117.27,33
2025-01-25 08:32:24.671,117.27,16
2025-01-25 08:32:24.681,117.27,2
2025-01-25 08:32:25.861,117.27,1
2025-01-25 08:32:25.862,117.27,1
2025-01-25 08:32:25.943,117.27,1
2025-01-25 08:32:27.019,117.27,1
2025-01-25 08:32:31.246,117.27,3
2025-01-25 08:32:31.381,117.27,1
2025-01-25 08:32:33.185,117.26076923076924,26
2025-01-25 08:32:33.203,117.27,5
2025-01-25 08:32:33.204,117.27,9
2025-01-25 08:32:33.222,117.2625,11
2025-01-25 08:32:33.244,117.26,5
2025-01-25 08:32:33.266,117.26,3
2025-01-25 08:32:33.455,117.27000000000001,8
2025-01-25 08:32:33.456,117.27000000000001,19
2025-01-25 08:32:33.457,117.27,1
2025-01-25 08:32:33.515,117.26,2
2025-01-25 08:32:35.024,117.26,3
2025-01-25 08:32:35.114,117.26,1
2025-01-25 08:32:35.658,117.26,1
2025-01-25 08:32:36.782,117.27,1
2025-01-25 08:32:36.783,117.27,2
2025-01-25 08:32:36.789,117.27,1
2025-01-25 08:32:38.413,117.26,12
2025-01-25 08:32:38.415,117.26,3
2025-01-25 08:32:38.478,117.27,1
2025-01-25 08:32:38.704,117.28,1
2025-01-25 08:32:38.994,117.28000000000002,5
2025-01-25 08:32:39.175,117.28,2
2025-01-25 08:32:40.505,117.28,3
2025-01-25 08:32:41.152,117.29,1
2025-01-25 08:32:41.153,117.29,1
2025-01-25 08:32:41.170,117.29,1
2025-01-25 08:32:41.331,117.28,1
2025-01-25 08:32:41.378,117.29,2
2025-01-25 08:32:41.564,117.285,5
2025-01-25 08:32:41.577,117.28,1
2025-01-25 08:32:41.661,117.28,1
2025-01-25 08:32:42.611,117.28,1
2025-01-25 08:32:42.644,117.28,1
2025-01-25 08:32:42.949,117.28,3
2025-01-25 08:32:43.244,117.28,4
2025-01-25 08:32:44.439,117.29,6
2025-01-25 08:32:44.440,117.29,5
2025-01-25 08:32:44.565,117.29,5
2025-01-25 08:32:44.566,117.29,1
2025-01-25 08:32:44.672,117.29,16
2025-01-25 08:32:44.686,117.29,2
2025-01-25 08:32:46.053,117.3,10
2025-01-25 08:32:46.054,117.3,15
2025-01-25 08:32:46.148,117.3,1
2025-01-25 08:32:46.184,117.31,3
2025-01-25 08:32:46.199,117.31,12
2025-01-25 08:32:46.200,117.31,7
2025-01-25 08:32:46.419,117.31,2
2025-01-25 08:32:46.420,117.31,2
2025-01-25 08:32:46.503,117.31,3
2025-01-25 08:32:46.510,117.31,1
2025-01-25 08:32:46.620,117.31,1
2025-01-25 08:32:46.676,117.31,1
2025-01-25 08:32:46.811,117.31,3
2025-01-25 08:32:46.924,117.3,3
2025-01-25 08:32:47.380,117.3,20
2025-01-25 08:32:47.413,117.3,1
2025-01-25 08:32:47.494,117.3,1
2025-01-25 08:32:47.498,117.3,1
2025-01-25 08:32:47.710,117.3,1
2025-01-25 08:32:47.819,117.3,1
2025-01-25 08:32:47.846,117.29,5
2025-01-25 08:32:47.880,117.29,1
2025-01-25 08:32:47.914,117.29,1
2025-01-25 08:32:48.616,117.29,4
2025-01-25 08:32:48.617,117.29,1
2025-01-25 08:32:48.618,117.29,1
2025-01-25 08:32:48.655,117.29,5
2025-01-25 08:32:49.081,117.29,1
2025-01-25 08:32:50.279,117.28,1
2025-01-25 08:32:50.313,117.29,1
2025-01-25 08:32:50.680,117.28,2
2025-01-25 08:32:50.681,117.28,1
2025-01-25 08:32:50.719,117.28,1
2025-01-25 08:32:50.720,117.28,1
2025-01-25 08:32:51.114,117.28,4
2025-01-25 08:32:51.306,117.29,1
2025-01-25 08:32:51.307,117.29,3
2025-01-25 08:32:51.308,117.29,4
2025-01-25 08:32:51.939,117.29,10
2025-01-25 08:32:53.137,117.29,2
2025-01-25 08:32:53.754,117.29,6
2025-01-25 08:32:53.755,117.29,8
2025-01-25 08:32:53.756,117.29,4
2025-01-25 08:32:53.763,117.28,7
2025-01-25 08:32:53.764,117.28,3
2025-01-25 08:32:53.765,117.28,2
2025-01-25 08:32:53.775,117.29,2
2025-01-25 08:32:53.814,117.29,4
2025-01-25 08:32:55.478,117.28,2
2025-01-25 08:32:56.266,117.28,1
2025-01-25 08:32:56.268,117.28,2
2025-01-25 08:32:57.577,117.27,1
2025-01-25 08:32:58.419,117.28,2
2025-01-25 08:32:59.168,117.28,1
2025-01-25 08:32:59.853,117.28,1
2025-01-25 08:32:59.887,117.28,1
2025-01-25 08:33:00.200,117.27,1
2025-01-25 08:33:00.264,117.27333333333333,11
2025-01-25 08:33:00.303,117.27,9
2025-01-25 08:33:02.404,117.28,27
2025-01-25 08:33:02.405,117.28000000000002,6
2025-01-25 08:33:02.406,117.28,2
2025-01-25 08:33:02.414,117.28,1
2025-01-25 08:33:02.415,117.28,2
2025-01-25 08:33:03.755,117.28,11
2025-01-25 08:33:03.932,117.29,6
2025-01-25 08:33:03.947,117.29,1
2025-01-25 08:33:04.485,117.29,1
2025-01-25 08:33:05.580,117.29,1
2025-01-25 08:33:07.216,117.29,3
2025-01-25 08:33:07.217,117.29,18
2025-01-25 08:33:07.218,117.29,6
2025-01-25 08:33:07.223,117.29,4
2025-01-25 08:33:07.224,117.29,1
2025-01-25 08:33:08.759,117.3,7
2025-01-25 08:33:10.248,117.29,2
2025-01-25 08:33:13.306,117.29,6
2025-01-25 08:33:13.307,117.29,19
2025-01-25 08:33:13.323,117.28000000000002,25
2025-01-25 08:33:13.341,117.28,1
2025-01-25 08:33:13.342,117.285,2
2025-01-25 08:33:13.343,117.28,2
2025-01-25 08:33:13.414,117.29,3
2025-01-25 08:33:13.913,117.29,4
2025-01-25 08:33:13.914,117.29,5
2025-01-25 08:33:15.229,117.29,7
2025-01-25 08:33:15.231,117.29,1
2025-01-25 08:33:15.232,117.29,1
2025-01-25 08:33:15.745,117.29,5
2025-01-25 08:33:16.578,117.29,1
2025-01-25 08:33:17.188,117.29,1
2025-01-25 08:33:17.447,117.29,1
2025-01-25 08:33:18.100,117.29,1
2025-01-25 08:33:18.298,117.29,1
2025-01-25 08:33:20.218,117.28,10
2025-01-25 08:33:20.219,117.28,1
2025-01-25 08:33:20.253,117.28,1
2025-01-25 08:33:20.268,117.27000000000001,8
2025-01-25 08:33:20.286,117.27,1
2025-01-25 08:33:20.298,117.27000000000001,9
2025-01-25 08:33:21.716,117.26,1
2025-01-25 08:33:24.036,117.26,1
2025-01-25 08:33:26.779,117.27,4
2025-01-25 08:33:26.780,117.27,5
2025-01-25 08:33:26.816,117.27,1
2025-01-25 08:33:27.773,117.27,1
2025-01-25 08:33:27.784,117.27,1
2025-01-25 08:33:27.795,117.27,1
2025-01-25 08:33:27.805,117.27,1
2025-01-25 08:33:27.816,117.27,1
2025-01-25 08:33:27.827,117.27,1
2025-01-25 08:33:27.838,117.27,1
2025-01-25 08:33:27.860,117.27,1
2025-01-25 08:33:27.871,117.27,1
2025-01-25 08:33:28.400,117.28,1
2025-01-25 08:33:30.466,117.29,16
2025-01-25 08:33:30.691,117.29,3
2025-01-25 08:33:31.829,117.29,1
2025-01-25 08:33:31.869,117.29,1
2025-01-25 08:33:34.472,117.29,4
2025-01-25 08:33:35.099,117.28,12
2025-01-25 08:33:36.779,117.27,6
2025-01-25 08:33:36.784,117.27,1
2025-01-25 08:33:37.843,117.27,2
2025-01-25 08:33:37.855,117.27,1
2025-01-25 08:33:37.979,117.27,1
2025-01-25 08:33:38.052,117.27,1
2025-01-25 08:33:38.701,117.28,7
2025-01-25 08:33:38.702,117.28,12
2025-01-25 08:33:38.902,117.28,1
2025-01-25 08:33:38.903,117.28000000000002,3
2025-01-25 08:33:38.904,117.28,1
2025-01-25 08:33:39.084,117.27,10
2025-01-25 08:33:39.085,117.27000000000001,18
2025-01-25 08:33:39.086,117.27,13
2025-01-25 08:33:39.089,117.27,1
2025-01-25 08:33:39.090,117.26000000000002,10
2025-01-25 08:33:39.095,117.27,2
2025-01-25 08:33:39.096,117.27,2
2025-01-25 08:33:39.107,117.27,1
2025-01-25 08:33:39.117,117.27,1
2025-01-25 08:33:39.128,117.27,1
2025-01-25 08:33:39.169,117.27,1
2025-01-25 08:33:39.180,117.27,1
2025-01-25 08:33:39.191,117.27,1
2025-01-25 08:33:39.202,117.27,1
2025-01-25 08:33:39.213,117.27,1
2025-01-25 08:33:39.223,117.27,1
2025-01-25 08:33:39.237,117.27,1
2025-01-25 08:33:39.248,117.27,1
2025-01-25 08:33:39.259,117.27,1
2025-01-25 08:33:39.272,117.27,1
2025-01-25 08:33:39.283,117.27,1
2025-01-25 08:33:39.294,117.27,1
2025-01-25 08:33:39.305,117.27,1
2025-01-25 08:33:39.316,117.27,1
2025-01-25 08:33:39.327,117.27,1
2025-01-25 08:33:39.338,117.27,1
2025-01-25 08:33:39.349,117.27,1
2025-01-25 08:33:39.359,117.27,1
2025-01-25 08:33:39.372,117.27,1
2025-01-25 08:33:39.383,117.27,1
2025-01-25 08:33:39.395,117.27,1
2025-01-25 08:33:39.406,117.27,1
2025-01-25 08:33:39.417,117.27,1
2025-01-25 08:33:39.427,117.27,1
2025-01-25 08:33:39.438,117.27,1
2025-01-25 08:33:39.449,117.27,1
2025-01-25 08:33:39.460,117.27,1
2025-01-25 08:33:39.473,117.27,1
2025-01-25 08:33:39.483,117.27,1
2025-01-25 08:33:39.494,117.27,1
2025-01-25 08:33:39.505,117.27,1
2025-01-25 08:33:39.507,117.27,1
2025-01-25 08:33:39.508,117.27,6
2025-01-25 08:33:39.516,117.27,1
2025-01-25 08:33:39.526,117.27,1
2025-01-25 08:33:39.534,117.27,1
2025-01-25 08:33:39.565,117.27,1
2025-01-25 08:33:39.576,117.27,1
2025-01-25 08:33:39.587,117.27,1
2025-01-25 08:33:39.599,117.27,1
2025-01-25 08:33:39.610,117.27,1
2025-01-25 08:33:39.620,117.27,1
2025-01-25 08:33:39.631,117.27,1
2025-01-25 08:33:39.642,117.27,1
2025-01-25 08:33:39.653,117.27,1
2025-01-25 08:33:39.665,117.27,1
2025-01-25 08:33:39.675,117.27,1
2025-01-25 08:33:39.686,117.27,1
2025-01-25 08:33:39.697,117.27,1
2025-01-25 08:33:39.708,117.27,1
2025-01-25 08:33:39.719,117.27,1
2025-01-25 08:33:39.729,117.27,1
2025-01-25 08:33:39.742,117.27,1
2025-01-25 08:33:39.754,117.27,1
2025-01-25 08:33:39.764,117.27,1
2025-01-25 08:33:39.776,117.27,1
2025-01-25 08:33:39.787,117.27,1
2025-01-25 08:33:39.798,117.27,1
2025-01-25 08:33:39.809,117.27,1
2025-01-25 08:33:39.820,117.27,1
2025-01-25 08:33:39.831,117.27,1
2025-01-25 08:33:39.842,117.27,1
2025-01-25 08:33:39.907,117.27,1
2025-01-25 08:33:39.918,117.27,1
2025-01-25 08:33:39.929,117.27,1
2025-01-25 08:33:39.940,117.27,1
2025-01-25 08:33:39.953,117.27,2
2025-01-25 08:33:39.967,117.27,1
2025-01-25 08:33:40.021,117.27,1
2025-01-25 08:33:40.048,117.27,1
2025-01-25 08:33:40.059,117.27,1
2025-01-25 08:33:40.070,117.27,1
2025-01-25 08:33:40.081,117.27,1
2025-01-25 08:33:40.092,117.27,1
2025-01-25 08:33:40.129,117.27,1
2025-01-25 08:33:40.141,117.27,1
2025-01-25 08:33:40.153,117.27,1
2025-01-25 08:33:40.164,117.27,1
2025-01-25 08:33:40.175,117.27,1
2025-01-25 08:33:40.201,117.27,1
2025-01-25 08:33:40.213,117.27,1
2025-01-25 08:33:40.224,117.27,1
2025-01-25 08:33:40.235,117.27,1
2025-01-25 08:33:40.245,117.27,1
2025-01-25 08:33:40.257,117.27,1
2025-01-25 08:33:40.316,117.27,1
2025-01-25 08:33:40.336,117.27,1
2025-01-25 08:33:40.352,117.27,1
2025-01-25 08:33:40.370,117.27,1
2025-01-25 08:33:40.385,117.27,1
2025-01-25 08:33:40.395,117.27,1
2025-01-25 08:33:40.406,117.27,1
2025-01-25 08:33:40.417,117.27,1
2025-01-25 08:33:40.428,117.27,1
2025-01-25 08:33:40.439,117.27,1
2025-01-25 08:33:40.450,117.27,2
2025-01-25 08:33:40.550,117.27,1
2025-01-25 08:33:40.561,117.27,1
2025-01-25 08:33:40.575,117.27,1
2025-01-25 08:33:40.619,117.27,1
2025-01-25 08:33:40.644,117.27,1
2025-01-25 08:33:40.669,117.27,1
2025-01-25 08:33:40.696,117.27,1
2025-01-25 08:33:40.718,117.27,1
2025-01-25 08:33:40.798,117.27,1
2025-01-25 08:33:40.809,117.27,1
2025-01-25 08:33:40.820,117.27,1
2025-01-25 08:33:40.912,117.27,1
2025-01-25 08:33:40.923,117.27,1
2025-01-25 08:33:40.934,117.27,1
2025-01-25 08:33:40.945,117.27,1
2025-01-25 08:33:40.979,117.27,1
2025-01-25 08:33:40.990,117.27,1
2025-01-25 08:33:41.001,117.27,1
2025-01-25 08:33:41.012,117.27,1
2025-01-25 08:33:41.070,117.27,2
2025-01-25 08:33:41.082,117.27,1
2025-01-25 08:33:41.092,117.27,1
2025-01-25 08:33:41.103,117.27,1
2025-01-25 08:33:41.114,117.27,1
2025-01-25 08:33:41.125,117.27,1
2025-01-25 08:33:41.142,117.27,1
2025-01-25 08:33:41.152,117.27,1
2025-01-25 08:33:41.163,117.27,1
2025-01-25 08:33:41.174,117.27,1
2025-01-25 08:33:41.185,117.27,1
2025-01-25 08:33:41.263,117.27,2
2025-01-25 08:33:41.300,117.27,1
2025-01-25 08:33:41.349,117.27,1
2025-01-25 08:33:41.371,117.27,1
2025-01-25 08:33:41.405,117.27,1
2025-01-25 08:33:41.416,117.27,1
2025-01-25 08:33:41.427,117.27,1
2025-01-25 08:33:41.438,117.27,1
2025-01-25 08:33:41.449,117.27,1
2025-01-25 08:33:41.477,117.27,1
2025-01-25 08:33:41.488,117.27,1
2025-01-25 08:33:41.500,117.27,1
2025-01-25 08:33:41.511,117.27,1
2025-01-25 08:33:41.521,117.27,1
2025-01-25 08:33:41.532,117.27,1
2025-01-25 08:33:41.537,117.27,4
2025-01-25 08:33:41.543,117.27,1
2025-01-25 08:33:41.554,117.27,1
2025-01-25 08:33:41.564,117.27,1
2025-01-25 08:33:41.575,117.27,1
2025-01-25 08:33:41.586,117.27,1
2025-01-25 08:33:41.600,117.27,1
2025-01-25 08:33:41.611,117.27,1
2025-01-25 08:33:41.622,117.27,1
2025-01-25 08:33:41.632,117.27,1
2025-01-25 08:33:41.651,117.27,1
2025-01-25 08:33:41.661,117.27,1
2025-01-25 08:33:41.672,117.27,1
2025-01-25 08:33:41.686,117.27,1
2025-01-25 08:33:41.697,117.27,1
2025-01-25 08:33:41.708,117.27,1
2025-01-25 08:33:41.719,117.27,1
2025-01-25 08:33:41.871,117.27,2
2025-01-25 08:33:42.122,117.27,3
2025-01-25 08:33:42.170,117.27,1
2025-01-25 08:33:42.181,117.27,1
2025-01-25 08:33:42.276,117.27,2
2025-01-25 08:33:42.293,117.27,1
2025-01-25 08:33:42.310,117.27,1
2025-01-25 08:33:42.321,117.27,1
2025-01-25 08:33:42.333,117.27,1
2025-01-25 08:33:42.345,117.27,1
2025-01-25 08:33:42.378,117.27,1
2025-01-25 08:33:42.398,117.27,1
2025-01-25 08:33:42.771,117.27,5
2025-01-25 08:33:42.772,117.27,2
2025-01-25 08:33:42.773,117.27,1
2025-01-25 08:33:42.796,117.27,9
2025-01-25 08:33:43.713,117.28,7
2025-01-25 08:33:43.714,117.28,1
2025-01-25 08:33:44.236,117.29,21
2025-01-25 08:33:44.299,117.28,12
2025-01-25 08:33:45.023,117.28000000000002,12
2025-01-25 08:33:45.024,117.28,1
2025-01-25 08:33:45.091,117.27,1
2025-01-25 08:33:45.097,117.27,2
2025-01-25 08:33:45.102,117.27,1
2025-01-25 08:33:45.113,117.27,1
2025-01-25 08:33:45.124,117.27,1
2025-01-25 08:33:45.136,117.27,1
2025-01-25 08:33:45.147,117.27,1
2025-01-25 08:33:45.157,117.27,1
2025-01-25 08:33:45.168,117.27,1
2025-01-25 08:33:45.179,117.27,1
2025-01-25 08:33:45.190,117.27,1
2025-01-25 08:33:45.201,117.27,1
2025-01-25 08:33:45.212,117.27,1
2025-01-25 08:33:45.222,117.27,1
2025-01-25 08:33:45.308,117.27,2
2025-01-25 08:33:45.939,117.27,2
2025-01-25 08:33:46.242,117.27,9
2025-01-25 08:33:46.243,117.27,1
2025-01-25 08:33:46.264,117.27,11
2025-01-25 08:33:46.265,117.27,1
2025-01-25 08:33:46.311,117.27,3
2025-01-25 08:33:46.312,117.27,7
2025-01-25 08:33:47.159,117.26,2
2025-01-25 08:33:47.701,117.27,2
2025-01-25 08:33:47.702,117.27000000000001,33
2025-01-25 08:33:47.724,117.27,3
2025-01-25 08:33:47.725,117.27,1
2025-01-25 08:33:47.746,117.27,1
2025-01-25 08:33:47.811,117.27,1
2025-01-25 08:33:49.810,117.27,1
2025-01-25 08:33:50.708,117.27,2
2025-01-25 08:33:51.127,117.26,3
2025-01-25 08:33:51.129,117.26,1
2025-01-25 08:33:51.184,117.26,3
2025-01-25 08:33:52.887,117.27,5
2025-01-25 08:33:53.744,117.27,3
2025-01-25 08:33:57.871,117.26,1
2025-01-25 08:33:58.478,117.27,6
2025-01-25 08:33:58.658,117.27,1
2025-01-25 08:33:59.648,117.27,5
2025-01-25 08:33:59.887,117.27,3
2025-01-25 08:34:00.265,117.27,3
2025-01-25 08:34:01.372,117.26,15
2025-01-25 08:34:01.479,117.26,1
2025-01-25 08:34:01.650,117.27,1
2025-01-25 08:34:01.651,117.27,7
2025-01-25 08:34:02.575,117.26,3
2025-01-25 08:34:03.330,117.26,2
2025-01-25 08:34:03.584,117.26,1
2025-01-25 08:34:04.618,117.26,1
2025-01-25 08:34:04.754,117.26,2
2025-01-25 08:34:04.888,117.26,1
2025-01-25 08:34:05.519,117.25,1
2025-01-25 08:34:05.924,117.24,3
2025-01-25 08:34:06.004,117.24,1
2025-01-25 08:34:06.014,117.24,1
2025-01-25 08:34:06.141,117.25,11
2025-01-25 08:34:07.675,117.25,7
2025-01-25 08:34:08.678,117.25,11
2025-01-25 08:34:08.693,117.25,1
2025-01-25 08:34:11.048,117.25,3
2025-01-25 08:34:12.315,117.25,1
2025-01-25 08:34:12.321,117.25,3
2025-01-25 08:34:12.322,117.25,2
2025-01-25 08:34:12.335,117.24,6
2025-01-25 08:34:12.409,117.25,3
2025-01-25 08:34:12.410,117.25,9
2025-01-25 08:34:12.411,117.25,2
2025-01-25 08:34:13.373,117.25,1
2025-01-25 08:34:13.374,117.25,6
2025-01-25 08:34:14.868,117.26,2
2025-01-25 08:34:14.975,117.26,2
2025-01-25 08:34:15.886,117.26,1
2025-01-25 08:34:17.449,117.26,1
2025-01-25 08:34:17.450,117.26,1
2025-01-25 08:34:17.927,117.25,20
2025-01-25 08:34:18.524,117.25,1
2025-01-25 08:34:18.826,117.25,2
2025-01-25 08:34:19.189,117.25,2
2025-01-25 08:34:19.190,117.25,1
2025-01-25 08:34:19.219,117.25,1
2025-01-25 08:34:19.220,117.25,1
2025-01-25 08:34:20.062,117.25,7
2025-01-25 08:34:21.352,117.26,1
2025-01-25 08:34:21.357,117.26,1
2025-01-25 08:34:21.463,117.26,1
2025-01-25 08:34:22.834,117.26000000000002,10
2025-01-25 08:34:24.017,117.27,1
2025-01-25 08:34:24.280,117.25578947368422,73
2025-01-25 08:34:24.281,117.25166666666667,22
2025-01-25 08:34:24.282,117.25,1
2025-01-25 08:34:24.307,117.25,9
2025-01-25 08:34:24.712,117.26,5
2025-01-25 08:34:25.016,117.26,1
2025-01-25 08:34:26.179,117.26,1
2025-01-25 08:34:26.196,117.26,1
2025-01-25 08:34:26.282,117.26,2
2025-01-25 08:34:26.498,117.26,5
2025-01-25 08:34:27.030,117.27,7
2025-01-25 08:34:27.149,117.27,1
2025-01-25 08:34:27.729,117.27,1
2025-01-25 08:34:28.804,117.28,5
2025-01-25 08:34:28.860,117.29,6
2025-01-25 08:34:28.896,117.29,3
2025-01-25 08:34:31.558,117.28000000000002,9
2025-01-25 08:34:32.449,117.28,3
2025-01-25 08:34:32.450,117.28000000000002,17
2025-01-25 08:34:32.472,117.28,1
2025-01-25 08:34:32.473,117.28,1
2025-01-25 08:34:33.033,117.27,3
2025-01-25 08:34:34.733,117.28,2
2025-01-25 08:34:34.734,117.28,1
2025-01-25 08:34:34.746,117.28,1
2025-01-25 08:34:36.015,117.28,1
2025-01-25 08:34:38.550,117.27,9
2025-01-25 08:34:39.258,117.26,1
2025-01-25 08:34:39.271,117.26,1
2025-01-25 08:34:39.273,117.26,2
2025-01-25 08:34:39.275,117.26,1
2025-01-25 08:34:39.282,117.26,1
2025-01-25 08:34:39.336,117.26,1
2025-01-25 08:34:40.427,117.25,2
2025-01-25 08:34:40.429,117.25,1
2025-01-25 08:34:40.449,117.25,1
2025-01-25 08:34:40.722,117.26,7
2025-01-25 08:34:41.736,117.26,3
2025-01-25 08:34:43.802,117.26,7
2025-01-25 08:34:44.194,117.27,7
2025-01-25 08:34:44.419,117.27,6
2025-01-25 08:34:44.420,117.27,4
2025-01-25 08:34:46.228,117.27,1
2025-01-25 08:34:46.229,117.27,6
2025-01-25 08:34:46.231,117.27,2
2025-01-25 08:34:46.363,117.27,5
2025-01-25 08:34:47.536,117.28000000000002,8
2025-01-25 08:34:47.537,117.28,43
2025-01-25 08:34:47.539,117.28,1
2025-01-25 08:34:47.548,117.28,1
2025-01-25 08:34:47.566,117.28,1
2025-01-25 08:34:48.193,117.28,1
2025-01-25 08:34:48.384,117.29,2
2025-01-25 08:34:48.385,117.29,6
2025-01-25 08:34:48.386,117.29,8
2025-01-25 08:34:48.387,117.29,2
2025-01-25 08:34:48.481,117.29,1
2025-01-25 08:34:48.482,117.29,1
2025-01-25 08:34:48.484,117.29,2
2025-01-25 08:34:48.718,117.29,1
2025-01-25 08:34:49.733,117.29,1
2025-01-25 08:34:50.541,117.28,2
2025-01-25 08:34:50.558,117.28,1
2025-01-25 08:34:51.386,117.29,3
2025-01-25 08:34:52.549,117.28,2
2025-01-25 08:34:52.550,117.28000000000002,11
2025-01-25 08:34:52.595,117.27,1
2025-01-25 08:34:52.597,117.27,5
2025-01-25 08:34:52.619,117.27,1
2025-01-25 08:34:52.648,117.27,2
2025-01-25 08:34:52.745,117.27,3
2025-01-25 08:34:52.762,117.27,1
2025-01-25 08:34:53.424,117.27,10
2025-01-25 08:34:55.190,117.27,4
2025-01-25 08:34:55.191,117.27,5
2025-01-25 08:34:55.193,117.27,1
2025-01-25 08:34:55.588,117.26,1
2025-01-25 08:34:56.402,117.26,15
2025-01-25 08:34:56.407,117.25,1
2025-01-25 08:34:57.203,117.25,1
2025-01-25 08:34:57.205,117.25,1
2025-01-25 08:34:57.894,117.25,1
2025-01-25 08:34:57.912,117.25,1
2025-01-25 08:34:57.913,117.25,2
2025-01-25 08:34:57.945,117.25,1
2025-01-25 08:34:58.027,117.25,4
2025-01-25 08:34:58.462,117.26,1
2025-01-25 08:34:58.896,117.26,3
2025-01-25 08:35:01.019,117.26,2
2025-01-25 08:35:01.293,117.25,6
2025-01-25 08:35:01.673,117.25,5
2025-01-25 08:35:02.569,117.24,15
2025-01-25 08:35:02.572,117.24,1
2025-01-25 08:35:03.136,117.24,3
2025-01-25 08:35:03.139,117.24,14
2025-01-25 08:35:03.203,117.24,1
2025-01-25 08:35:03.209,117.24,1
2025-01-25 08:35:03.324,117.24,2
2025-01-25 08:35:04.110,117.24,5
2025-01-25 08:35:04.300,117.23,2
2025-01-25 08:35:04.864,117.22,2
2025-01-25 08:35:04.865,117.22,1
2025-01-25 08:35:06.382,117.23,18
2025-01-25 08:35:06.383,117.23,6
2025-01-25 08:35:06.453,117.23,6
2025-01-25 08:35:07.461,117.24,11
2025-01-25 08:35:07.462,117.24,19
2025-01-25 08:35:07.463,117.23999999999998,7
2025-01-25 08:35:07.465,117.24,6
2025-01-25 08:35:07.466,117.24,8
2025-01-25 08:35:07.467,117.24,3
2025-01-25 08:35:07.526,117.24,8
2025-01-25 08:35:07.605,117.25,2
2025-01-25 08:35:07.610,117.25,1
2025-01-25 08:35:09.033,117.25,1
2025-01-25 08:35:09.034,117.25,19
2025-01-25 08:35:09.035,117.25,6
2025-01-25 08:35:09.045,117.25,2
2025-01-25 08:35:09.437,117.25,8
2025-01-25 08:35:09.438,117.25,6
2025-01-25 08:35:10.596,117.25,15
2025-01-25 08:35:10.607,117.25,1
2025-01-25 08:35:10.612,117.25,5
2025-01-25 08:35:13.099,117.25,8
2025-01-25 08:35:13.100,117.25,5
2025-01-25 08:35:13.101,117.25,1
2025-01-25 08:35:13.102,117.25,9
2025-01-25 08:35:13.142,117.25,2
2025-01-25 08:35:13.749,117.25,7
2025-01-25 08:35:13.753,117.25,1
2025-01-25 08:35:14.035,117.25,5
2025-01-25 08:35:14.277,117.25,1
2025-01-25 08:35:14.296,117.25,1
2025-01-25 08:35:14.314,117.25,1
2025-01-25 08:35:14.322,117.25,1
2025-01-25 08:35:14.503,117.25,1
2025-01-25 08:35:14.922,117.24099999999999,26
2025-01-25 08:35:14.923,117.24,15
2025-01-25 08:35:14.967,117.24,4
2025-01-25 08:35:14.968,117.24,5
2025-01-25 08:35:14.990,117.24,9
2025-01-25 08:35:15.010,117.24,11
2025-01-25 08:35:15.029,117.24,1
2025-01-25 08:35:15.064,117.23,1
2025-01-25 08:35:15.188,117.24,2
2025-01-25 08:35:16.051,117.24,4
2025-01-25 08:35:16.663,117.24,3
2025-01-25 08:35:17.308,117.25,9
2025-01-25 08:35:17.330,117.25,1
2025-01-25 08:35:17.650,117.26,1
2025-01-25 08:35:17.755,117.26,8
2025-01-25 08:35:18.137,117.27,1
2025-01-25 08:35:18.957,117.27,13
2025-01-25 08:35:18.958,117.27,1
2025-01-25 08:35:19.277,117.28,6
2025-01-25 08:35:19.283,117.28,1
2025-01-25 08:35:19.293,117.28,1
2025-01-25 08:35:19.294,117.28,2
2025-01-25 08:35:19.319,117.28,1
2025-01-25 08:35:19.320,117.28,1
2025-01-25 08:35:19.391,117.28,1
2025-01-25 08:35:19.402,117.28,1
2025-01-25 08:35:19.589,117.28000000000002,3
2025-01-25 08:35:19.833,117.28,4
2025-01-25 08:35:21.215,117.29,7
2025-01-25 08:35:23.982,117.29,23
2025-01-25 08:35:24.062,117.29,1
2025-01-25 08:35:24.063,117.29,1
2025-01-25 08:35:24.065,117.29,5
2025-01-25 08:35:24.164,117.29,9
2025-01-25 08:35:24.165,117.29,4
2025-01-25 08:35:27.423,117.28000000000002,28
2025-01-25 08:35:31.623,117.28000000000002,4
2025-01-25 08:35:31.624,117.28,1
2025-01-25 08:35:31.646,117.28,2
2025-01-25 08:35:32.994,117.28,4
2025-01-25 08:35:34.487,117.27,8
2025-01-25 08:35:34.488,117.27,21
2025-01-25 08:35:34.489,117.27,3
2025-01-25 08:35:34.490,117.27,1
2025-01-25 08:35:34.987,117.28,21
2025-01-25 08:35:37.021,117.27,33
2025-01-25 08:35:37.022,117.27,1
2025-01-25 08:35:37.071,117.27,2
2025-01-25 08:35:37.075,117.27,1
2025-01-25 08:35:37.076,117.27,1
2025-01-25 08:35:37.131,117.27000000000001,9
2025-01-25 08:35:37.241,117.27,3
2025-01-25 08:35:38.271,117.27,4
2025-01-25 08:35:42.665,117.27,5
2025-01-25 08:35:42.666,117.27,1
2025-01-25 08:35:42.934,117.27,1
2025-01-25 08:35:43.000,117.27,4
2025-01-25 08:35:43.643,117.27,1
2025-01-25 08:35:46.602,117.28,10
2025-01-25 08:35:46.611,117.28,1
2025-01-25 08:35:47.190,117.29,3
2025-01-25 08:35:49.580,117.29,1
2025-01-25 08:35:50.878,117.29000000000002,12
2025-01-25 08:35:50.939,117.29,1
2025-01-25 08:35:52.559,117.29,1
2025-01-25 08:35:53.983,117.3,5
2025-01-25 08:35:55.523,117.29,15
2025-01-25 08:35:55.565,117.29,1
2025-01-25 08:35:56.051,117.28,6
2025-01-25 08:35:56.052,117.28,9
2025-01-25 08:35:56.053,117.28,1
2025-01-25 08:35:56.543,117.27,1
2025-01-25 08:35:56.546,117.27,3
2025-01-25 08:35:56.547,117.27,4
2025-01-25 08:35:56.548,117.27,2
2025-01-25 08:35:56.553,117.27,1
2025-01-25 08:35:56.554,117.27,6
2025-01-25 08:35:56.768,117.26,1
2025-01-25 08:35:58.030,117.26,1
2025-01-25 08:35:59.458,117.27,3
2025-01-25 08:35:59.459,117.27,3
2025-01-25 08:36:00.994,117.27,4
2025-01-25 08:36:00.995,117.27,2
2025-01-25 08:36:01.264,117.27,8
2025-01-25 08:36:01.637,117.26,1
2025-01-25 08:36:01.656,117.26,5
2025-01-25 08:36:03.046,117.26,6
2025-01-25 08:36:03.241,117.25,102
2025-01-25 08:36:03.242,117.25,14
2025-01-25 08:36:03.263,117.25,10
2025-01-25 08:36:03.281,117.25,9
2025-01-25 08:36:03.282,117.25,1
2025-01-25 08:36:03.309,117.25,6
2025-01-25 08:36:03.680,117.25,1
2025-01-25 08:36:03.682,117.25,9
2025-01-25 08:36:03.692,117.25,3
2025-01-25 08:36:03.704,117.25,5
2025-01-25 08:36:03.723,117.25,4
2025-01-25 08:36:03.937,117.24,5
2025-01-25 08:36:04.017,117.23,1
2025-01-25 08:36:05.976,117.23,29
2025-01-25 08:36:05.977,117.23,8
2025-01-25 08:36:05.988,117.23,2
2025-01-25 08:36:06.561,117.23,1
2025-01-25 08:36:08.201,117.24,15
2025-01-25 08:36:08.212,117.23999999999998,14
2025-01-25 08:36:08.213,117.24,3
2025-01-25 08:36:08.224,117.24,3
2025-01-25 08:36:08.346,117.24,1
2025-01-25 08:36:08.389,117.24,1
2025-01-25 08:36:08.506,117.25,1
2025-01-25 08:36:09.139,117.25,1
2025-01-25 08:36:09.140,117.25,26
2025-01-25 08:36:09.145,117.26,2
2025-01-25 08:36:09.146,117.26000000000002,11
2025-01-25 08:36:09.147,117.26000000000002,9
2025-01-25 08:36:09.148,117.26,3
2025-01-25 08:36:09.150,117.26000000000002,15
2025-01-25 08:36:09.151,117.26,4
2025-01-25 08:36:09.152,117.25666666666666,3
2025-01-25 08:36:09.172,117.26,2
2025-01-25 08:36:09.173,117.26,1
2025-01-25 08:36:09.193,117.26,1
2025-01-25 08:36:09.195,117.26,1
2025-01-25 08:36:10.308,117.26,3
2025-01-25 08:36:10.596,117.25,2
2025-01-25 08:36:10.597,117.25,19
2025-01-25 08:36:10.631,117.24,1
2025-01-25 08:36:10.668,117.24,15
2025-01-25 08:36:10.670,117.24,1
2025-01-25 08:36:10.679,117.24,2
2025-01-25 08:36:14.405,117.24,4
2025-01-25 08:36:14.406,117.24,16
2025-01-25 08:36:14.429,117.24,11
2025-01-25 08:36:14.430,117.24,9
2025-01-25 08:36:14.442,117.23999999999998,11
2025-01-25 08:36:14.443,117.24,9
2025-01-25 08:36:14.453,117.24,1
2025-01-25 08:36:14.454,117.24,1
2025-01-25 08:36:14.646,117.24,2
2025-01-25 08:36:14.647,117.24,16
2025-01-25 08:36:14.657,117.24,1
2025-01-25 08:36:14.658,117.23999999999998,17
2025-01-25 08:36:14.669,117.24,15
2025-01-25 08:36:14.670,117.24,3
2025-01-25 08:36:14.671,117.24,2
2025-01-25 08:36:14.682,117.24,8
2025-01-25 08:36:14.693,117.24,11
2025-01-25 08:36:14.704,117.24,1
2025-01-25 08:36:14.752,117.24,21
2025-01-25 08:36:14.762,117.24,4
2025-01-25 08:36:14.763,117.24,2
2025-01-25 08:36:16.882,117.25,4
2025-01-25 08:36:16.883,117.25,7
2025-01-25 08:36:16.924,117.25,3
2025-01-25 08:36:17.142,117.25,4
2025-01-25 08:36:20.145,117.25,4
2025-01-25 08:36:20.947,117.25,1
2025-01-25 08:36:24.075,117.25,6
2025-01-25 08:36:25.190,117.25,2
2025-01-25 08:36:25.191,117.25,21
2025-01-25 08:36:25.292,117.25,3
2025-01-25 08:36:26.912,117.25,5
2025-01-25 08:36:29.448,117.25,1
2025-01-25 08:36:29.824,117.26,8
2025-01-25 08:36:31.699,117.25,25
2025-01-25 08:36:31.700,117.25,2
2025-01-25 08:36:32.496,117.25,1
2025-01-25 08:36:33.011,117.26000000000002,10
2025-01-25 08:36:33.019,117.26,6
2025-01-25 08:36:33.023,117.26,2
2025-01-25 08:36:33.453,117.26,2
2025-01-25 08:36:34.918,117.26,1
2025-01-25 08:36:37.105,117.26,1
2025-01-25 08:36:38.082,117.26,1
2025-01-25 08:36:42.744,117.27,4
2025-01-25 08:36:42.745,117.27,1
2025-01-25 08:36:43.144,117.27,2
2025-01-25 08:36:43.145,117.27,2
2025-01-25 08:36:44.445,117.27,1
2025-01-25 08:36:44.455,117.27,2
2025-01-25 08:36:44.838,117.27,7
2025-01-25 08:36:44.875,117.27,8
2025-01-25 08:36:46.276,117.26,3
2025-01-25 08:36:46.277,117.26000000000002,7
2025-01-25 08:36:46.278,117.26,1
2025-01-25 08:36:46.572,117.26,6
2025-01-25 08:36:48.647,117.27,6
2025-01-25 08:36:48.648,117.27,1
2025-01-25 08:36:48.665,117.27,1
2025-01-25 08:36:49.741,117.26,3
2025-01-25 08:36:51.242,117.26,3
2025-01-25 08:36:52.383,117.27,15
2025-01-25 08:36:52.384,117.27,14
2025-01-25 08:36:52.394,117.27,2
2025-01-25 08:36:52.405,117.27,1
2025-01-25 08:36:53.763,117.27,62
2025-01-25 08:36:53.810,117.26000000000002,9
2025-01-25 08:36:53.857,117.26,9
2025-01-25 08:36:53.900,117.26,4
2025-01-25 08:36:53.940,117.26,1
2025-01-25 08:36:54.971,117.26,1
2025-01-25 08:36:55.014,117.26,2
2025-01-25 08:36:56.171,117.25,1
2025-01-25 08:36:58.164,117.27,1
2025-01-25 08:36:58.165,117.27,2
2025-01-25 08:37:00.125,117.26,1
2025-01-25 08:37:00.126,117.26,1
2025-01-25 08:37:00.505,117.26,4
2025-01-25 08:37:00.506,117.26,5
2025-01-25 08:37:01.279,117.25,13
2025-01-25 08:37:01.280,117.25,1
2025-01-25 08:37:01.770,117.25,11
2025-01-25 08:37:01.816,117.25,2
2025-01-25 08:37:04.399,117.26,15
2025-01-25 08:37:04.400,117.26,6
2025-01-25 08:37:04.511,117.26,4
2025-01-25 08:37:04.726,117.26,2
2025-01-25 08:37:09.314,117.25,6
2025-01-25 08:37:09.408,117.25,1
2025-01-25 08:37:09.425,117.25,1
2025-01-25 08:37:09.826,117.25,2
2025-01-25 08:37:10.631,117.26,2
2025-01-25 08:37:12.904,117.26,2
2025-01-25 08:37:13.044,117.26,2
2025-01-25 08:37:13.052,117.26,4
2025-01-25 08:37:16.739,117.26,13
2025-01-25 08:37:16.795,117.27,2
2025-01-25 08:37:16.796,117.27,15
2025-01-25 08:37:17.064,117.27000000000001,12
2025-01-25 08:37:17.096,117.27,8
2025-01-25 08:37:17.097,117.27,1
2025-01-25 08:37:17.957,117.27000000000001,12
2025-01-25 08:37:17.958,117.27,1
2025-01-25 08:37:19.345,117.27,2
2025-01-25 08:37:20.080,117.27,3
2025-01-25 08:37:21.611,117.28,6
2025-01-25 08:37:21.612,117.28,1
2025-01-25 08:37:21.616,117.28,1
2025-01-25 08:37:21.641,117.28,1
2025-01-25 08:37:23.200,117.29,1
2025-01-25 08:37:23.202,117.29,2
2025-01-25 08:37:23.586,117.29,1
2025-01-25 08:37:24.546,117.29,1
2025-01-25 08:37:24.550,117.29,5
2025-01-25 08:37:24.606,117.3,25
2025-01-25 08:37:24.607,117.3,5
2025-01-25 08:37:24.609,117.3,4
2025-01-25 08:37:24.717,117.29,14
2025-01-25 08:37:24.718,117.29,2
2025-01-25 08:37:24.721,117.29,2
2025-01-25 08:37:26.217,117.3,16
2025-01-25 08:37:26.218,117.3,13
2025-01-25 08:37:26.334,117.3,5
2025-01-25 08:37:26.428,117.3,15
2025-01-25 08:37:26.489,117.3,23
2025-01-25 08:37:26.878,117.31,4
2025-01-25 08:37:26.901,117.31,1
2025-01-25 08:37:27.968,117.31,1
2025-01-25 08:37:28.337,117.31,1
2025-01-25 08:37:28.411,117.31,1
2025-01-25 08:37:28.412,117.31,1
2025-01-25 08:37:28.416,117.31,1
2025-01-25 08:37:28.452,117.31,1
2025-01-25 08:37:29.490,117.31,1
2025-01-25 08:37:29.571,117.31,1
2025-01-25 08:37:29.875,117.31,1
2025-01-25 08:37:29.927,117.31,1
2025-01-25 08:37:31.542,117.31,2
2025-01-25 08:37:32.153,117.31,2
2025-01-25 08:37:32.608,117.31,1
2025-01-25 08:37:32.720,117.31,1
2025-01-25 08:37:33.425,117.31,1
2025-01-25 08:37:34.599,117.31,6
2025-01-25 08:37:34.600,117.31,4
2025-01-25 08:37:34.616,117.31,4
2025-01-25 08:37:34.627,117.31,1
2025-01-25 08:37:34.672,117.31,3
2025-01-25 08:37:35.071,117.31,2
2025-01-25 08:37:35.332,117.31,1
2025-01-25 08:37:36.626,117.31,3
2025-01-25 08:37:36.995,117.31,1
2025-01-25 08:37:37.676,117.31,4
2025-01-25 08:37:37.682,117.31,1
2025-01-25 08:37:38.001,117.31,1
2025-01-25 08:37:39.095,117.31,2
2025-01-25 08:37:39.479,117.3,3
2025-01-25 08:37:40.440,117.31653846153846,64
2025-01-25 08:37:40.442,117.31,12
2025-01-25 08:37:40.450,117.31,1
2025-01-25 08:37:40.815,117.30999999999999,9
2025-01-25 08:37:41.251,117.31,1
2025-01-25 08:37:42.627,117.3,2
2025-01-25 08:37:43.765,117.29,3
2025-01-25 08:37:43.782,117.29,4
2025-01-25 08:37:43.837,117.29,1
2025-01-25 08:37:43.876,117.29,1
2025-01-25 08:37:44.478,117.28,2
2025-01-25 08:37:44.479,117.28,2
2025-01-25 08:37:44.482,117.28,1
2025-01-25 08:37:44.483,117.28,1
2025-01-25 08:37:44.995,117.28,1
2025-01-25 08:37:46.076,117.29,1
2025-01-25 08:37:46.077,117.29,2
2025-01-25 08:37:46.079,117.29,2
2025-01-25 08:37:46.085,117.29,5
2025-01-25 08:37:46.191,117.29,1
2025-01-25 08:37:46.556,117.29,1
2025-01-25 08:37:46.938,117.29,2
2025-01-25 08:37:49.803,117.28,1
2025-01-25 08:37:54.232,117.28,1
2025-01-25 08:37:54.233,117.28,1
2025-01-25 08:37:54.234,117.28,1
2025-01-25 08:37:55.854,117.28,5
2025-01-25 08:37:57.701,117.28,1
2025-01-25 08:37:59.976,117.29,26
2025-01-25 08:37:59.977,117.29,13
2025-01-25 08:38:00.055,117.29,10
2025-01-25 08:38:00.358,117.29,4
2025-01-25 08:38:02.881,117.29,10
2025-01-25 08:38:02.882,117.29,6
2025-01-25 08:38:02.907,117.29,1
2025-01-25 08:38:03.281,117.29,3
2025-01-25 08:38:03.282,117.29,3
2025-01-25 08:38:03.688,117.29,2
2025-01-25 08:38:04.017,117.29,1
2025-01-25 08:38:04.396,117.29,5
2025-01-25 08:38:04.762,117.29,1
2025-01-25 08:38:05.202,117.29,1
2025-01-25 08:38:05.208,117.29,7
2025-01-25 08:38:05.209,117.29,2
2025-01-25 08:38:08.664,117.29,9
2025-01-25 08:38:08.665,117.29,5
2025-01-25 08:38:09.566,117.3,15
2025-01-25 08:38:09.567,117.3,4
2025-01-25 08:38:09.619,117.29,2
2025-01-25 08:38:10.709,117.29,22
2025-01-25 08:38:10.710,117.29,54
2025-01-25 08:38:11.494,117.29,2
2025-01-25 08:38:11.933,117.29,3
2025-01-25 08:38:11.943,117.29,1
2025-01-25 08:38:11.944,117.29,1
2025-01-25 08:38:13.722,117.29,6
2025-01-25 08:38:18.070,117.28,1
2025-01-25 08:38:18.071,117.28,7
2025-01-25 08:38:18.073,117.28,1
2025-01-25 08:38:18.081,117.28,2
2025-01-25 08:38:24.180,117.28000000000002,25
2025-01-25 08:38:24.181,117.28,1
2025-01-25 08:38:24.289,117.28,13
2025-01-25 08:38:24.364,117.28,1
2025-01-25 08:38:25.781,117.28000000000002,10
2025-01-25 08:38:25.782,117.28,2
2025-01-25 08:38:26.017,117.28,4
2025-01-25 08:38:26.018,117.29,74
2025-01-25 08:38:26.019,117.29,19
2025-01-25 08:38:26.069,117.28,6
2025-01-25 08:38:26.087,117.28,1
2025-01-25 08:38:26.088,117.28,1
2025-01-25 08:38:26.100,117.28,1
2025-01-25 08:38:27.057,117.28,2
2025-01-25 08:38:27.062,117.28,2
2025-01-25 08:38:29.030,117.28,2
2025-01-25 08:38:29.031,117.28,1
2025-01-25 08:38:29.861,117.28,10
2025-01-25 08:38:29.881,117.28000000000002,4
2025-01-25 08:38:29.882,117.28,33
2025-01-25 08:38:30.729,117.28000000000002,12
2025-01-25 08:38:30.750,117.28000000000002,18
2025-01-25 08:38:30.775,117.28,1
2025-01-25 08:38:32.031,117.27799999999999,12
2025-01-25 08:38:32.032,117.28,8
2025-01-25 08:38:32.054,117.28,1
2025-01-25 08:38:34.870,117.27,2
2025-01-25 08:38:34.871,117.27,19
2025-01-25 08:38:34.872,117.27000000000001,77
2025-01-25 08:38:34.873,117.27,72
2025-01-25 08:38:34.915,117.27,1
2025-01-25 08:38:35.322,117.27,2
2025-01-25 08:38:35.406,117.27,1
2025-01-25 08:38:35.412,117.27,1
2025-01-25 08:38:35.706,117.27,2
2025-01-25 08:38:37.098,117.27,6
2025-01-25 08:38:38.654,117.27,5
2025-01-25 08:38:38.734,117.27,1
2025-01-25 08:38:39.622,117.27,3
2025-01-25 08:38:40.053,117.26,1
2025-01-25 08:38:41.433,117.26,11
2025-01-25 08:38:43.870,117.25,2
2025-01-25 08:38:43.882,117.25,1
2025-01-25 08:38:43.887,117.25,3
2025-01-25 08:38:48.043,117.23999999999998,68
2025-01-25 08:38:49.350,117.25,1
2025-01-25 08:38:49.351,117.25,11
2025-01-25 08:38:49.352,117.25,5
2025-01-25 08:38:49.372,117.25,2
2025-01-25 08:38:50.012,117.25,2
2025-01-25 08:38:50.532,117.26,6
2025-01-25 08:38:50.903,117.26,2
2025-01-25 08:38:51.431,117.26,1
2025-01-25 08:38:51.432,117.26,1
2025-01-25 08:38:51.747,117.26,1
2025-01-25 08:38:52.179,117.26,2
2025-01-25 08:38:55.029,117.26,1
2025-01-25 08:38:55.053,117.26,2
2025-01-25 08:38:56.262,117.26,2
2025-01-25 08:38:57.356,117.25,1
2025-01-25 08:39:00.994,117.25,13
2025-01-25 08:39:01.200,117.25,8
2025-01-25 08:39:01.643,117.25,11
2025-01-25 08:39:01.965,117.24,40
2025-01-25 08:39:03.482,117.25,20
2025-01-25 08:39:03.483,117.25,4
2025-01-25 08:39:03.484,117.25,1
2025-01-25 08:39:03.785,117.25,3
2025-01-25 08:39:05.801,117.25,8
2025-01-25 08:39:05.886,117.25,1
2025-01-25 08:39:09.581,117.25,4
2025-01-25 08:39:13.034,117.25,1
2025-01-25 08:39:13.318,117.25,1
2025-01-25 08:39:20.269,117.25,17
2025-01-25 08:39:20.276,117.25,1
2025-01-25 08:39:20.311,117.25,3
2025-01-25 08:39:20.578,117.25,1
2025-01-25 08:39:22.392,117.24,22
2025-01-25 08:39:22.393,117.24,13
2025-01-25 08:39:22.394,117.24,28
2025-01-25 08:39:22.404,117.24,19
2025-01-25 08:39:22.415,117.24125,20
2025-01-25 08:39:22.416,117.23999999999998,7
2025-01-25 08:39:22.422,117.24,11
2025-01-25 08:39:22.443,117.24,2
2025-01-25 08:39:24.728,117.23,5
2025-01-25 08:39:24.729,117.23,1
2025-01-25 08:39:27.343,117.23,5
2025-01-25 08:39:27.346,117.23,1
2025-01-25 08:39:27.358,117.23,1
2025-01-25 08:39:27.473,117.23,3
2025-01-25 08:39:27.702,117.23,1
2025-01-25 08:39:31.283,117.22,7
2025-01-25 08:39:31.284,117.21999999999998,7
2025-01-25 08:39:31.285,117.22,2
2025-01-25 08:39:31.286,117.22,1
2025-01-25 08:39:31.297,117.21999999999998,4
2025-01-25 08:39:31.504,117.22,1
2025-01-25 08:39:32.161,117.23,15
2025-01-25 08:39:32.165,117.23,4
2025-01-25 08:39:37.650,117.23999999999998,6
2025-01-25 08:39:37.651,117.23999999999998,7
2025-01-25 08:39:37.702,117.24,1
2025-01-25 08:39:38.148,117.24,2
2025-01-25 08:39:38.947,117.23,88
2025-01-25 08:39:38.948,117.23,5
2025-01-25 08:39:38.987,117.23,3
2025-01-25 08:39:40.942,117.23,1
2025-01-25 08:39:41.323,117.24,10
2025-01-25 08:39:46.391,117.23,25
2025-01-25 08:39:47.266,117.23,17
2025-01-25 08:39:47.287,117.23,8
2025-01-25 08:39:54.572,117.23,24
2025-01-25 08:39:54.593,117.22999999999999,38
2025-01-25 08:39:56.028,117.23,5
2025-01-25 08:39:56.061,117.23999999999998,13
2025-01-25 08:39:56.989,117.24,17
2025-01-25 08:39:56.990,117.23999999999998,11
2025-01-25 08:39:57.743,117.23,1
2025-01-25 08:40:01.143,117.24,10
2025-01-25 08:40:01.184,117.24,1
2025-01-25 08:40:01.485,117.24,1
2025-01-25 08:40:01.914,117.24,7
2025-01-25 08:40:01.915,117.24,5
2025-01-25 08:40:01.917,117.24,1
2025-01-25 08:40:03.480,117.24,4
2025-01-25 08:40:03.481,117.24,5
2025-01-25 08:40:03.544,117.24,8
2025-01-25 08:40:04.204,117.24,16
2025-01-25 08:40:04.218,117.23999999999998,20
2025-01-25 08:40:04.228,117.24,8
2025-01-25 08:40:04.229,117.24,2
2025-01-25 08:40:04.296,117.24,6
2025-01-25 08:40:04.331,117.24,4
2025-01-25 08:40:04.367,117.25,2
2025-01-25 08:40:04.409,117.24,9
2025-01-25 08:40:04.481,117.23999999999998,11
2025-01-25 08:40:05.051,117.24,1
2025-01-25 08:40:05.106,117.24,1
2025-01-25 08:40:07.062,117.23,12
2025-01-25 08:40:07.063,117.22999999999999,44
2025-01-25 08:40:08.266,117.23,17
2025-01-25 08:40:08.267,117.23,1
2025-01-25 08:40:10.302,117.23,3
2025-01-25 08:40:12.062,117.24,3
2025-01-25 08:40:12.588,117.24,4
2025-01-25 08:40:12.798,117.23,8
2025-01-25 08:40:12.799,117.24,1
2025-01-25 08:40:15.230,117.22999999999999,25
2025-01-25 08:40:15.231,117.23,38
2025-01-25 08:40:15.232,117.23,1
2025-01-25 08:40:15.273,117.23,11
2025-01-25 08:40:15.274,117.23,2
2025-01-25 08:40:15.295,117.23,3
2025-01-25 08:40:15.375,117.23,11
2025-01-25 08:40:16.238,117.23,12
2025-01-25 08:40:16.350,117.23,9
2025-01-25 08:40:16.369,117.23,5
2025-01-25 08:40:16.483,117.23,9
2025-01-25 08:40:16.502,117.23,4
2025-01-25 08:40:17.498,117.23,15
2025-01-25 08:40:18.141,117.23,11
2025-01-25 08:40:18.162,117.23,3
2025-01-25 08:40:18.163,117.23,1
2025-01-25 08:40:20.269,117.24,11
2025-01-25 08:40:20.270,117.24,5
2025-01-25 08:40:20.938,117.23,1
2025-01-25 08:40:22.518,117.24,1
2025-01-25 08:40:22.519,117.24,15
2025-01-25 08:40:22.530,117.23999999999998,18
2025-01-25 08:40:22.541,117.24,10
2025-01-25 08:40:25.569,117.24,4
2025-01-25 08:40:25.623,117.24,1
2025-01-25 08:40:25.624,117.24,1
2025-01-25 08:40:34.045,117.24,4
2025-01-25 08:40:34.942,117.25,15
2025-01-25 08:40:34.963,117.25,1
2025-01-25 08:40:40.265,117.25,11
2025-01-25 08:40:40.347,117.25,1
2025-01-25 08:40:40.613,117.25,11
2025-01-25 08:40:40.634,117.25,3
2025-01-25 08:40:50.933,117.24,1
2025-01-25 08:40:51.491,117.24,21
2025-01-25 08:40:53.050,117.23,1
2025-01-25 08:40:53.051,117.22999999999999,19
2025-01-25 08:40:53.350,117.23,7
2025-01-25 08:40:53.533,117.22,8
2025-01-25 08:40:53.534,117.22,2
2025-01-25 08:40:53.789,117.22,1
2025-01-25 08:40:57.625,117.23,2
2025-01-25 08:40:57.724,117.23,6
2025-01-25 08:41:00.266,117.24,12
2025-01-25 08:41:00.267,117.24,1
2025-01-25 08:41:00.574,117.23,1
2025-01-25 08:41:01.069,117.24,6
2025-01-25 08:41:01.071,117.24,2
2025-01-25 08:41:01.313,117.24,8
2025-01-25 08:41:03.219,117.24,3
2025-01-25 08:41:03.899,117.25,4
2025-01-25 08:41:03.900,117.25,30
2025-01-25 08:41:04.149,117.26,1
2025-01-25 08:41:04.457,117.26,2
2025-01-25 08:41:04.568,117.26,1
2025-01-25 08:41:05.699,117.26,1
2025-01-25 08:41:05.700,117.26,4
2025-01-25 08:41:05.705,117.26,3
2025-01-25 08:41:05.726,117.26,1
2025-01-25 08:41:06.021,117.25071428571428,39
2025-01-25 08:41:06.022,117.24176470588235,62
2025-01-25 08:41:06.023,117.25,12
2025-01-25 08:41:06.026,117.25,11
2025-01-25 08:41:06.043,117.26,2
2025-01-25 08:41:06.273,117.26,5
2025-01-25 08:41:06.293,117.26,5
2025-01-25 08:41:06.294,117.26,1
2025-01-25 08:41:06.297,117.25,2
2025-01-25 08:41:06.301,117.26400000000001,7
2025-01-25 08:41:09.260,117.27,1
2025-01-25 08:41:09.363,117.27,1
2025-01-25 08:41:09.384,117.27,1
2025-01-25 08:41:09.385,117.27,2
2025-01-25 08:41:10.099,117.27,3
2025-01-25 08:41:11.067,117.27,1
2025-01-25 08:41:11.070,117.27,4
2025-01-25 08:41:12.350,117.27,4
2025-01-25 08:41:14.019,117.27,1
2025-01-25 08:41:14.020,117.27,1
2025-01-25 08:41:14.920,117.28000000000002,17
2025-01-25 08:41:14.921,117.28,5
2025-01-25 08:41:14.925,117.28,1
2025-01-25 08:41:14.942,117.28,3
2025-01-25 08:41:14.950,117.28,1
2025-01-25 08:41:14.967,117.28,1
2025-01-25 08:41:15.334,117.29,3
2025-01-25 08:41:16.552,117.29,14
2025-01-25 08:41:16.557,117.29,10
2025-01-25 08:41:16.581,117.29,1
2025-01-25 08:41:16.582,117.29,1
2025-01-25 08:41:16.583,117.29,3
2025-01-25 08:41:17.226,117.29,4
2025-01-25 08:41:17.227,117.29,2
2025-01-25 08:41:17.833,117.29,2
2025-01-25 08:41:21.344,117.3,11
2025-01-25 08:41:21.345,117.3,6
2025-01-25 08:41:21.458,117.3,4
2025-01-25 08:41:21.568,117.3,2
2025-01-25 08:41:22.110,117.3,18
2025-01-25 08:41:24.579,117.29,1
2025-01-25 08:41:25.594,117.3,1
2025-01-25 08:41:25.884,117.3,1
2025-01-25 08:41:25.994,117.3,5
2025-01-25 08:41:28.779,117.29,14
2025-01-25 08:41:28.780,117.29000000000002,30
2025-01-25 08:41:28.781,117.29,1
2025-01-25 08:41:28.816,117.29,7
2025-01-25 08:41:28.817,117.29,2
2025-01-25 08:41:34.713,117.28,1
2025-01-25 08:41:35.066,117.28,26
2025-01-25 08:41:35.834,117.28000000000002,12
2025-01-25 08:41:35.855,117.28,14
2025-01-25 08:41:35.880,117.28,1
2025-01-25 08:41:35.882,117.28,8
2025-01-25 08:41:35.901,117.28,3
2025-01-25 08:41:38.011,117.28,14
2025-01-25 08:41:38.085,117.28,11
2025-01-25 08:41:39.032,117.28,10
2025-01-25 08:41:40.259,117.28,10
2025-01-25 08:41:40.732,117.28,5
2025-01-25 08:41:40.752,117.28000000000002,4
2025-01-25 08:41:40.774,117.28,16
2025-01-25 08:41:40.795,117.28,6
2025-01-25 08:41:40.811,117.28,5
2025-01-25 08:41:40.828,117.28,6
2025-01-25 08:41:40.846,117.28,8
2025-01-25 08:41:40.866,117.28,7
2025-01-25 08:41:40.884,117.28,3
2025-01-25 08:41:40.903,117.28,3
2025-01-25 08:41:44.600,117.28,6
2025-01-25 08:41:48.792,117.28000000000002,17
2025-01-25 08:41:48.793,117.28,14
2025-01-25 08:41:48.825,117.28,7
2025-01-25 08:41:48.841,117.28,6
2025-01-25 08:41:48.859,117.28,5
2025-01-25 08:41:48.875,117.28,4
2025-01-25 08:41:48.892,117.28,1
2025-01-25 08:41:48.911,117.28,5
2025-01-25 08:41:48.927,117.28,4
2025-01-25 08:41:48.946,117.28,2
2025-01-25 08:41:48.965,117.28,1
2025-01-25 08:41:48.969,117.28,4
2025-01-25 08:41:48.985,117.28,4
2025-01-25 08:41:48.987,117.28,2
2025-01-25 08:41:49.003,117.28,3
2025-01-25 08:41:49.023,117.28,5
2025-01-25 08:41:49.203,117.28,2
2025-01-25 08:41:49.204,117.28,3
2025-01-25 08:41:49.223,117.28,10
2025-01-25 08:41:49.224,117.28,1
2025-01-25 08:41:49.243,117.28,5
2025-01-25 08:41:49.266,117.28,6
2025-01-25 08:41:49.291,117.28,3
2025-01-25 08:41:49.304,117.28,1
2025-01-25 08:41:49.311,117.28,2
2025-01-25 08:41:49.319,117.28,8
2025-01-25 08:41:49.335,117.28,7
2025-01-25 08:41:49.336,117.28,3
2025-01-25 08:41:49.356,117.28,7
2025-01-25 08:41:49.377,117.28,5
2025-01-25 08:41:52.515,117.29,10
2025-01-25 08:41:52.633,117.29,5
2025-01-25 08:41:55.967,117.29000000000002,13
2025-01-25 08:41:55.968,117.29000000000002,23
2025-01-25 08:41:55.990,117.29,57
2025-01-25 08:41:56.364,117.28,1
2025-01-25 08:41:58.699,117.28,14
2025-01-25 08:42:00.265,117.28,11
2025-01-25 08:42:01.110,117.28,19
2025-01-25 08:42:01.640,117.27,1
2025-01-25 08:42:03.966,117.27,4
2025-01-25 08:42:03.967,117.27,4
2025-01-25 08:42:04.079,117.27,2
2025-01-25 08:42:05.595,117.26,1
2025-01-25 08:42:06.103,117.26,3
2025-01-25 08:42:07.071,117.26,16
2025-01-25 08:42:07.976,117.27,1
2025-01-25 08:42:07.977,117.27,7
2025-01-25 08:42:09.250,117.28,14
2025-01-25 08:42:09.272,117.28,5
2025-01-25 08:42:10.355,117.28000000000002,6
2025-01-25 08:42:10.548,117.28000000000002,5
2025-01-25 08:42:11.661,117.28,9
2025-01-25 08:42:12.751,117.27,1
2025-01-25 08:42:16.145,117.27,15
2025-01-25 08:42:16.507,117.27,14
2025-01-25 08:42:16.508,117.27,3
2025-01-25 08:42:17.467,117.27,5
2025-01-25 08:42:17.468,117.27,11
2025-01-25 08:42:17.472,117.27,1
2025-01-25 08:42:17.474,117.27,4
2025-01-25 08:42:17.483,117.27,3
2025-01-25 08:42:17.493,117.27,10
2025-01-25 08:42:17.511,117.27,9
2025-01-25 08:42:17.530,117.27,15
2025-01-25 08:42:17.556,117.27,10
2025-01-25 08:42:17.577,117.27,10
2025-01-25 08:42:17.597,117.27,11
2025-01-25 08:42:17.776,117.27,9
2025-01-25 08:42:17.777,117.27,2
2025-01-25 08:42:17.954,117.27,11
2025-01-25 08:42:17.974,117.27,5
2025-01-25 08:42:18.017,117.27,1
2025-01-25 08:42:18.138,117.27,9
2025-01-25 08:42:18.157,117.27,9
2025-01-25 08:42:18.663,117.27,11
2025-01-25 08:42:18.683,117.27,4
2025-01-25 08:42:18.684,117.27,1
2025-01-25 08:42:19.176,117.27,12
2025-01-25 08:42:19.177,117.27,6
2025-01-25 08:42:19.197,117.27,12
2025-01-25 08:42:20.595,117.27,16
2025-01-25 08:42:20.834,117.27,1
2025-01-25 08:42:21.352,117.27,5
2025-01-25 08:42:21.353,117.27,4
2025-01-25 08:42:24.352,117.27,2
2025-01-25 08:42:24.607,117.27,2
2025-01-25 08:42:24.620,117.27,1
2025-01-25 08:42:27.341,117.27,6
2025-01-25 08:42:27.342,117.27,10
2025-01-25 08:42:30.964,117.26,40
2025-01-25 08:42:31.002,117.26,1
2025-01-25 08:42:31.914,117.26,10
2025-01-25 08:42:35.395,117.26,20
2025-01-25 08:42:35.411,117.27,24
2025-01-25 08:42:35.412,117.27,2
2025-01-25 08:42:35.417,117.26,49
2025-01-25 08:42:35.418,117.26,2
2025-01-25 08:42:35.423,117.26,1
2025-01-25 08:42:35.428,117.27,2
2025-01-25 08:42:35.455,117.26,10
2025-01-25 08:42:35.476,117.26000000000002,25
2025-01-25 08:42:35.507,117.26000000000002,9
2025-01-25 08:42:35.532,117.26,21
2025-01-25 08:42:35.568,117.26,9
2025-01-25 08:42:35.570,117.26,3
2025-01-25 08:42:35.571,117.26,2
2025-01-25 08:42:35.590,117.26000000000002,15
2025-01-25 08:42:35.591,117.26,5
2025-01-25 08:42:35.614,117.26,10
2025-01-25 08:42:35.637,117.26,9
2025-01-25 08:42:35.659,117.26,10
2025-01-25 08:42:35.678,117.26,2
2025-01-25 08:42:35.861,117.26,9
2025-01-25 08:42:36.099,117.26,1
2025-01-25 08:42:36.590,117.27000000000001,11
2025-01-25 08:42:36.591,117.27,5
2025-01-25 08:42:38.100,117.27,2
2025-01-25 08:42:38.101,117.27,3
2025-01-25 08:42:38.105,117.27,1
2025-01-25 08:42:39.939,117.26,1
2025-01-25 08:42:40.260,117.27,10
2025-01-25 08:42:41.257,117.27,2
2025-01-25 08:42:41.268,117.27,2
2025-01-25 08:42:41.273,117.27,3
2025-01-25 08:42:43.788,117.27,1
2025-01-25 08:42:44.358,117.27,3
2025-01-25 08:42:44.359,117.27,3
2025-01-25 08:42:44.360,117.27,1
2025-01-25 08:42:44.415,117.27,1
2025-01-25 08:42:44.781,117.27,1
2025-01-25 08:42:45.028,117.27,1
2025-01-25 08:42:47.932,117.28,3
2025-01-25 08:42:47.933,117.28,4
2025-01-25 08:42:48.045,117.27000000000001,36
2025-01-25 08:42:48.046,117.275,5
2025-01-25 08:42:48.078,117.27000000000001,13
2025-01-25 08:42:48.385,117.27,1
2025-01-25 08:42:48.399,117.27,11
2025-01-25 08:42:48.400,117.27,9
2025-01-25 08:42:48.676,117.27,11
2025-01-25 08:42:49.022,117.27,10
2025-01-25 08:42:49.023,117.27,1
2025-01-25 08:42:49.043,117.27,3
2025-01-25 08:42:50.318,117.26,1
2025-01-25 08:42:50.610,117.26,31
2025-01-25 08:42:50.812,117.26,1
2025-01-25 08:42:50.813,117.26,7
2025-01-25 08:42:50.814,117.26,4
2025-01-25 08:42:50.815,117.26,3
2025-01-25 08:42:50.932,117.26,1
2025-01-25 08:42:52.025,117.26,2
2025-01-25 08:42:52.064,117.26,4
2025-01-25 08:42:53.549,117.26,1
2025-01-25 08:42:53.682,117.26,1
2025-01-25 08:42:55.414,117.26,9
2025-01-25 08:42:55.415,117.26,4
2025-01-25 08:42:56.635,117.26,1
2025-01-25 08:42:56.744,117.26,1
2025-01-25 08:42:56.920,117.26,3
2025-01-25 08:42:56.921,117.26,1
2025-01-25 08:42:56.938,117.26,2
2025-01-25 08:42:56.959,117.26,2
2025-01-25 08:42:58.873,117.26,4
2025-01-25 08:43:00.295,117.26,5
2025-01-25 08:43:01.226,117.25,1
2025-01-25 08:43:02.253,117.25,1
2025-01-25 08:43:02.254,117.25,5
2025-01-25 08:43:02.915,117.25,7
2025-01-25 08:43:02.916,117.25,2
2025-01-25 08:43:03.296,117.25,7
2025-01-25 08:43:03.297,117.25,8
2025-01-25 08:43:05.053,117.25,5
2025-01-25 08:43:07.703,117.26,4
2025-01-25 08:43:07.704,117.26,6
2025-01-25 08:43:07.736,117.26,1
2025-01-25 08:43:08.040,117.26,1
2025-01-25 08:43:08.172,117.26,4
2025-01-25 08:43:08.944,117.26,1
2025-01-25 08:43:09.181,117.26,1
2025-01-25 08:43:11.428,117.27,8
2025-01-25 08:43:11.429,117.27,1
2025-01-25 08:43:11.451,117.27,1
2025-01-25 08:43:13.083,117.27,1
2025-01-25 08:43:13.377,117.27,4
2025-01-25 08:43:13.379,117.27,4
2025-01-25 08:43:15.917,117.27,5
2025-01-25 08:43:16.034,117.27,5
2025-01-25 08:43:16.056,117.27,4
2025-01-25 08:43:17.255,117.27,3
2025-01-25 08:43:18.944,117.27,5
2025-01-25 08:43:19.091,117.27,11
2025-01-25 08:43:19.385,117.27,8
2025-01-25 08:43:19.386,117.27,2
2025-01-25 08:43:20.178,117.27,9
2025-01-25 08:43:20.179,117.27,1
2025-01-25 08:43:20.275,117.27,2
2025-01-25 08:43:23.261,117.26,57
2025-01-25 08:43:23.296,117.26,9
2025-01-25 08:43:23.682,117.26,9
2025-01-25 08:43:24.603,117.26,1
2025-01-25 08:43:24.624,117.26,8
2025-01-25 08:43:24.645,117.26,7
2025-01-25 08:43:24.990,117.26,9
2025-01-25 08:43:25.815,117.26,8
2025-01-25 08:43:26.167,117.26000000000002,12
2025-01-25 08:43:26.188,117.26,10
2025-01-25 08:43:26.189,117.26,5
2025-01-25 08:43:26.351,117.26,9
2025-01-25 08:43:26.370,117.26,4
2025-01-25 08:43:26.390,117.26,5
2025-01-25 08:43:27.538,117.26,10
2025-01-25 08:43:27.559,117.26,6
2025-01-25 08:43:27.727,117.26,10
2025-01-25 08:43:27.748,117.26,5
2025-01-25 08:43:28.085,117.26000000000002,21
2025-01-25 08:43:29.977,117.26,19
2025-01-25 08:43:29.978,117.26,4
2025-01-25 08:43:40.046,117.25,1
2025-01-25 08:43:40.270,117.26,10
2025-01-25 08:43:40.271,117.26,13
2025-01-25 08:43:40.445,117.26,8
2025-01-25 08:43:41.776,117.26,19
2025-01-25 08:43:42.342,117.25,31
2025-01-25 08:43:42.343,117.25,12
2025-01-25 08:43:42.344,117.25,13
2025-01-25 08:43:42.345,117.25,6
2025-01-25 08:43:42.355,117.25,1
2025-01-25 08:43:43.722,117.25,2
2025-01-25 08:43:46.503,117.25,1
2025-01-25 08:43:47.725,117.24,3
2025-01-25 08:43:48.025,117.23999999999998,16
2025-01-25 08:43:48.026,117.24,1
2025-01-25 08:43:48.176,117.24,1
2025-01-25 08:43:53.846,117.24,1
2025-01-25 08:43:53.847,117.23999999999998,27
2025-01-25 08:43:55.309,117.24,1
2025-01-25 08:43:55.515,117.24,1
2025-01-25 08:43:55.633,117.24,4
2025-01-25 08:43:55.634,117.24,6
2025-01-25 08:43:56.027,117.24,11
2025-01-25 08:43:56.048,117.24,6
2025-01-25 08:43:56.236,117.24,11
2025-01-25 08:43:56.237,117.24,1
2025-01-25 08:43:57.932,117.23,1
2025-01-25 08:44:00.256,117.24,12
2025-01-25 08:44:00.263,117.24,1
2025-01-25 08:44:02.355,117.22999999999999,21
2025-01-25 08:44:02.356,117.23,61
2025-01-25 08:44:02.370,117.23,1
2025-01-25 08:44:02.614,117.23,1
2025-01-25 08:44:03.010,117.22000000000001,31
2025-01-25 08:44:03.011,117.22,67
2025-01-25 08:44:06.105,117.23,8
2025-01-25 08:44:06.135,117.23,1
2025-01-25 08:44:08.442,117.24,4
2025-01-25 08:44:09.948,117.23,2
2025-01-25 08:44:09.949,117.23,6
2025-01-25 08:44:17.432,117.23,1
2025-01-25 08:44:19.749,117.24,17
2025-01-25 08:44:19.771,117.24,8
2025-01-25 08:44:20.320,117.24,13
2025-01-25 08:44:20.328,117.24,3
2025-01-25 08:44:20.717,117.24,11
2025-01-25 08:44:24.118,117.24,2
2025-01-25 08:44:24.119,117.24,11
2025-01-25 08:44:24.289,117.24,3
2025-01-25 08:44:24.290,117.24,7
2025-01-25 08:44:24.292,117.24,2
2025-01-25 08:44:24.431,117.24,1
2025-01-25 08:44:24.822,117.24,1
2025-01-25 08:44:25.366,117.23,1
2025-01-25 08:44:25.691,117.24,9
2025-01-25 08:44:25.692,117.24,5
2025-01-25 08:44:25.696,117.24,2
2025-01-25 08:44:25.886,117.23999999999998,16
2025-01-25 08:44:25.906,117.24,5
2025-01-25 08:44:25.927,117.24,1
2025-01-25 08:44:26.762,117.24,9
2025-01-25 08:44:26.763,117.24,1
2025-01-25 08:44:26.784,117.24,1
2025-01-25 08:44:26.804,117.24,2
2025-01-25 08:44:27.181,117.25,37
2025-01-25 08:44:27.758,117.26,1
2025-01-25 08:44:27.759,117.26,1
2025-01-25 08:44:27.760,117.26,6
2025-01-25 08:44:28.290,117.26,1
2025-01-25 08:44:28.413,117.26,1
2025-01-25 08:44:28.882,117.26,2
2025-01-25 08:44:29.781,117.27,5
2025-01-25 08:44:33.639,117.27,5
2025-01-25 08:44:33.665,117.27,1
2025-01-25 08:44:33.877,117.27,1
2025-01-25 08:44:35.567,117.27,1
2025-01-25 08:44:36.264,117.27,2
2025-01-25 08:44:36.265,117.27,11
2025-01-25 08:44:36.360,117.27,1
2025-01-25 08:44:37.403,117.27,3
2025-01-25 08:44:37.404,117.27,13
2025-01-25 08:44:38.790,117.27,17
2025-01-25 08:44:41.792,117.27,83
2025-01-25 08:44:41.899,117.26,1
2025-01-25 08:44:43.944,117.27,5
2025-01-25 08:44:49.230,117.27,11
2025-01-25 08:44:51.203,117.28000000000002,4
2025-01-25 08:44:51.400,117.28,1
2025-01-25 08:44:51.698,117.28,1
2025-01-25 08:44:52.112,117.28,2
2025-01-25 08:44:52.619,117.29,19
2025-01-25 08:44:52.620,117.29,17
2025-01-25 08:44:52.621,117.29,1
2025-01-25 08:44:52.847,117.29,1
2025-01-25 08:44:53.185,117.29,2
2025-01-25 08:44:53.186,117.29,1
2025-01-25 08:44:53.565,117.29,1
2025-01-25 08:44:54.151,117.29,1
2025-01-25 08:44:56.845,117.28,3
2025-01-25 08:44:56.846,117.28,24
2025-01-25 08:44:56.847,117.28,31
2025-01-25 08:44:56.848,117.28,4
2025-01-25 08:44:57.881,117.27,1
2025-01-25 08:44:58.778,117.28,15
2025-01-25 08:44:59.051,117.28,4
2025-01-25 08:44:59.052,117.28,5
2025-01-25 08:45:00.408,117.27,6
2025-01-25 08:45:00.409,117.27,2
2025-01-25 08:45:01.925,117.28000000000002,5
2025-01-25 08:45:01.926,117.28,15
2025-01-25 08:45:01.927,117.28,4
2025-01-25 08:45:01.928,117.28,3
2025-01-25 08:45:01.929,117.28,4
2025-01-25 08:45:01.991,117.28,2
2025-01-25 08:45:02.165,117.28,2
2025-01-25 08:45:05.455,117.28,2
2025-01-25 08:45:09.351,117.28,5
2025-01-25 08:45:09.535,117.28,1
2025-01-25 08:45:19.801,117.28,10
2025-01-25 08:45:21.512,117.28,1
2025-01-25 08:45:23.641,117.28,7
2025-01-25 08:45:25.311,117.28,7
2025-01-25 08:45:25.322,117.28,3
2025-01-25 08:45:25.505,117.28,1
2025-01-25 08:45:25.772,117.28,7
2025-01-25 08:45:27.396,117.27,1
2025-01-25 08:45:27.397,117.27000000000001,15
2025-01-25 08:45:29.636,117.26,1
2025-01-25 08:45:29.974,117.26,5
2025-01-25 08:45:29.975,117.26,1
2025-01-25 08:45:30.671,117.26,7
2025-01-25 08:45:30.679,117.26,2
2025-01-25 08:45:33.758,117.26000000000002,14
2025-01-25 08:45:33.858,117.26,1
2025-01-25 08:45:35.196,117.26,1
2025-01-25 08:45:35.340,117.27,5
2025-01-25 08:45:35.341,117.27,15
2025-01-25 08:45:35.342,117.27,1
2025-01-25 08:45:36.206,117.28,1
2025-01-25 08:45:36.699,117.28,2
2025-01-25 08:45:36.740,117.28,1
2025-01-25 08:45:36.742,117.28,2
2025-01-25 08:45:36.743,117.28,2
2025-01-25 08:45:37.752,117.27,1
2025-01-25 08:45:43.447,117.27,1
2025-01-25 08:45:46.574,117.27,6
2025-01-25 08:45:47.136,117.27,1
2025-01-25 08:45:47.622,117.27,1
2025-01-25 08:45:50.188,117.26,49
2025-01-25 08:45:50.229,117.26,5
2025-01-25 08:45:50.239,117.26,5
2025-01-25 08:45:50.484,117.26,11
2025-01-25 08:45:50.504,117.26,1
2025-01-25 08:45:50.505,117.26,37
2025-01-25 08:45:50.537,117.26,11
2025-01-25 08:45:50.559,117.26,8
2025-01-25 08:45:53.294,117.26,11
2025-01-25 08:45:53.316,117.26,12
2025-01-25 08:45:53.342,117.26000000000002,10
2025-01-25 08:45:53.385,117.26,9
2025-01-25 08:45:53.386,117.26,3
2025-01-25 08:45:54.241,117.26,3
2025-01-25 08:45:56.745,117.26,1
2025-01-25 08:45:59.530,117.26,1
2025-01-25 08:46:01.358,117.26,10
2025-01-25 08:46:05.093,117.26,1
2025-01-25 08:46:05.135,117.25,1
2025-01-25 08:46:05.272,117.26,1
2025-01-25 08:46:05.455,117.26,1
2025-01-25 08:46:11.141,117.26,10
2025-01-25 08:46:11.142,117.26,3
2025-01-25 08:46:14.035,117.25,1
2025-01-25 08:46:16.790,117.25,62
2025-01-25 08:46:16.823,117.25,10
2025-01-25 08:46:16.846,117.25,23
2025-01-25 08:46:16.892,117.25,1
2025-01-25 08:46:16.940,117.25,4
2025-01-25 08:46:16.950,117.25,1
2025-01-25 08:46:16.974,117.25,2
2025-01-25 08:46:16.975,117.25,1
2025-01-25 08:46:16.980,117.25,1
2025-01-25 08:46:18.443,117.26,3
2025-01-25 08:46:18.444,117.26,3
2025-01-25 08:46:18.927,117.26,1
2025-01-25 08:46:18.928,117.26,6
2025-01-25 08:46:23.452,117.27,1
2025-01-25 08:46:23.453,117.27,4
2025-01-25 08:46:23.547,117.27,1
2025-01-25 08:46:26.031,117.27000000000001,10
2025-01-25 08:46:26.032,117.27,2
2025-01-25 08:46:29.469,117.27,13
2025-01-25 08:46:29.510,117.26,4
2025-01-25 08:46:29.845,117.27,1
2025-01-25 08:46:30.705,117.27,1
2025-01-25 08:46:32.251,117.27,5
2025-01-25 08:46:32.252,117.27,1
2025-01-25 08:46:32.253,117.27,1
2025-01-25 08:46:32.511,117.27,1
2025-01-25 08:46:36.204,117.27,7
2025-01-25 08:46:37.243,117.27,1
2025-01-25 08:46:40.457,117.27,3
2025-01-25 08:46:40.458,117.27,1
2025-01-25 08:46:40.459,117.27,3
2025-01-25 08:46:44.838,117.27,1
2025-01-25 08:46:44.839,117.27,3
2025-01-25 08:46:46.864,117.27,2
2025-01-25 08:46:46.875,117.27,1
2025-01-25 08:46:49.928,117.27,3
2025-01-25 08:46:49.947,117.27,1
2025-01-25 08:46:53.098,117.27,4
2025-01-25 08:46:55.149,117.27,14
2025-01-25 08:46:55.392,117.27,11
2025-01-25 08:46:57.975,117.26,1
2025-01-25 08:47:02.606,117.27,10
2025-01-25 08:47:02.607,117.27,4
2025-01-25 08:47:02.628,117.27,2
2025-01-25 08:47:04.607,117.27,1
2025-01-25 08:47:05.872,117.26,1
2025-01-25 08:47:06.782,117.26000000000002,7
2025-01-25 08:47:06.783,117.26,8
2025-01-25 08:47:06.785,117.26,1
2025-01-25 08:47:06.805,117.26,1
2025-01-25 08:47:12.656,117.26,7
2025-01-25 08:47:20.618,117.26,7
2025-01-25 08:47:20.704,117.26,1
2025-01-25 08:47:22.248,117.27,1
2025-01-25 08:47:25.432,117.27000000000001,21
2025-01-25 08:47:25.453,117.27000000000001,13
2025-01-25 08:47:25.454,117.27,1
2025-01-25 08:47:25.480,117.27,11
2025-01-25 08:47:25.481,117.27,5
2025-01-25 08:47:25.482,117.27,2
2025-01-25 08:47:25.533,117.27,2
2025-01-25 08:47:25.644,117.27,2
2025-01-25 08:47:30.347,117.27,24
2025-01-25 08:47:30.348,117.27,2
2025-01-25 08:47:33.057,117.27,7
2025-01-25 08:47:33.058,117.27,4
2025-01-25 08:47:33.068,117.27,1
2025-01-25 08:47:33.080,117.27000000000001,12
2025-01-25 08:47:33.082,117.27,1
2025-01-25 08:47:33.249,117.27,1
2025-01-25 08:47:37.636,117.27,4
2025-01-25 08:47:41.353,117.27,6
2025-01-25 08:47:41.354,117.27,21
2025-01-25 08:47:41.364,117.27,1
